2648 4868
366 531 496 587 arusie
526 531 783 585 unouunsus·
1013 498 1090 582 131

103 697 194 786 Heu
211 709 360 809 fragiles
377 712 507 786 formae
524 715 691 788 veneres!
718 712 794 785 heu
810 708 985 783 flosculus
1003 709 1090 784 aevi!

54 850 117 935 Tu
134 859 210 934 leto
229 874 400 960 superata
418 862 531 948 cadis,
554 874 625 936 tua
640 861 728 947 lilia,
756 861 888 957 Virgo,

55 1006 341 1114 Purpureusque
355 1035 447 1084 rosae
460 1023 603 1085 marcet
616 1009 736 1101 color3
755 1008 927 1083 horridus
945 1011 1094 1083 omnem

54 1155 254 1231 Deformat
270 1157 387 1255 pallor
404 1155 557 1248 faciem3
586 1181 661 1229 non
680 1153 805 1230 dulcia
820 1153 924 1228 labra
1047 1160 1096 1226 95

53 1305 256 1397 Solvuntur
272 1331 374 1379 nunc
391 1306 430 1379 in
448 1306 552 1392 risus,
573 1329 648 1377 non
667 1303 763 1393 ullus
780 1301 890 1376 ocelli

53 1453 100 1527 In
117 1453 253 1527 tumuli
269 1453 432 1528 tenebris
450 1453 568 1526 honor
588 1452 741 1527 emicatz
769 1450 951 1525 hanccine
971 1451 1094 1527 vul'tris
1118 1414 1124 1426 θ

53 1601 226 1677 Ardebat
242 1602 417 1699 speciem,
444 1601 568 1673 tristes
586 1600 675 1672 dum
694 1611 1006 1696 pectore—amator

55 1749 234 1822 Ducebat
250 1749 434 1845 gemitus?
453 1743 532 1841 jam
550 1756 665 1843 raptae
682 1743 813 1819 funere
832 1771 996 1830 vermem

54 1893 126 1973 Per
139 1894 317 1993 pulchras
335 1918 456 1967 errare
473 1917 587 1990 genas
606 1905 644 1966 et
661 1892 820 1966 candida
838 1895 980 1968 circum
1045 1902 1095 1968 30

54 2040 293 2139 Collajuvat,
322 2053 524 2139 putresque
543 2038 641 2112 ultro
659 2039 850 2138 depascier
867 2053 981 2116 artus
1005 2084 1009 2092 ³

104 2182 182 2262 Hrc
201 2214 363 2287 quoque,
389 2188 452 2285 qui
471 2189 611 2277 circum
630 2187 772 2261 vicinos
789 2190 922 2264 robore
938 2216 1054 2289 pagos

52 2337 237 2432 Certant,
263 2336 379 2410 crudo
396 2361 560 2434 pugnam
580 2338 814 2411 committere
833 2351 949 2443 caestu

53 2482 206 2560 Solenni
223 2460 368 2556 inludo
385 2481 505 2569 fortis,
531 2508 643 2569 nunc,
664 2484 753 2558 heu!
781 2486 860 2558 sine
878 2489 1000 2562 nervis
1034 2526 1037 2530 >

51 2631 103 2703 Vi
121 2629 188 2704 leti
205 2640 403 2728 superante
418 2630 532 2727 jacet,
561 2629 796 2726 gemitusque
814 2629 1029 2728 frequentes
1046 2641 1093 2721 35

53 2771 225 2882 Effirndit
242 2772 418 2846 moriens:
447 2797 523 2846 non
541 2771 594 2844 iili
612 2773 744 2846 robora
761 2773 916 2862 dextrae,

52 2922 143 2997 Non
160 2904 273 2994 validi
290 2933 446 3018 prosunt
463 2946 599 2995 nexus:
627 2920 854 2995 flammantia
872 2923 1021 3000 morbus
1046 2976 1050 3015 :
1103 2986 1109 2997 .

52 3068 211 3144 Viscera
226 3068 467 3172 transcurrit„
484 3093 655 3167 saevoque
674 3082 855 3145 exaestuat
871 3041 971 3170 igne,

53 3214 245 3292 Viderunt
261 3214 322 3289 alii
342 3215 505 3290 Alciden
522 3217 561 3288 in
579 3217 731 3315 rupibus
746 3218 850 3320 OEtae

53 3363 281 3438 Luctantem
298 3342 473 3469 flammis3
501 3364 563 3473 alii
581 3364 707 3440 videre
727 3365 910 3468 Milonem
1046 3382 1097 3448 40

52 3497 208 3587 Viribus
225 3513 432 3612 implexum
449 3512 623 3612 propriis:
652 3479 705 3586 sic
723 3514 827 3589 irrita
844 3527 992 3592 tentans

53 3661 254 3747 Procubat,
282 3674 321 3735 et
337 3661 402 3735 lati
421 3673 556 3735 stratus
574 3661 692 3759 spatia
709 3675 870 3760 occupat
888 3665 979 3762 agri.

102 3806 140 3882 Ο
157 3809 348 3883 miserum!
376 3835 487 3908 quem
511 3835 655 3883 summa
673 3811 751 3886 dies
769 3825 1010 3914 extremaque
1026 3817 1096 3893 fati

53 3957 208 4056 Raptim
221 3956 326 4057 jussa
343 3968 496 4050 vocant3
525 3959 615 4033 dum
633 3960 721 4034 vitae
742 3987 836 4060 pura
852 3975 1030 4061 parantur

50 4105 214 4196 Gaudia,
244 4106 333 4184 dum
350 4106 479 4213 florem
497 4108 617 4207 carpit
634 4134 786 4185 securus
803 4096 1003 4203 amoenum,
1046 4122 1095 4189 45

501 4266 570 4332 KQ
