2648 4868
468 476 603 535 lusia
629 475 887 557 neumam.
1109 450 1215 535 tus

402 800 949 890 malesuasus-„amum
1044 816 1062 837 .·
1088 842 1091 847 .
1118 818 1124 830 -

155 905 306 971 unuueon.
615 964 679 999 .,-.
1022 903 1192 980 mim

152 1201 334 1285 cesi-mi
349 1219 550 1311 perpetuos
565 1221 610 1285 ut
626 1209 762 1287 amoris
778 1207 934 1287 suscitet
949 1206 1068 1309 ignes,
1165 1260 1183 1273 --

204 1352 265 1439 ut
281 1355 359 1435 sibi¹
369 1349 572 1446 dissimilis,
591 1357 674 1470 vult
689 1370 817 1435 tamen
834 1382 910 1473 una
928 1355 1021 1451 coli3

155 1483 311 1615 Pellere.
334 1517 378 1584 ,et
393 1505 530 1593 invitos
547 1530 723 1585 revocare
741 1506 886 1583 exultat
901 1514 1080 1619 amantes,
1115 1560 1118 1565 -
1165 1560 1179 1573 -.

199 1636 422 1766 Saeuitidque
438 1651 514 1760 frui
531 1652 868 1761 dura'puella-susj
898 1676 936 1739 j,
1034 1730 1037 1737 ,
1146 1754 1150 1761 Ι
1170 1612 1177 1627 ⁵

149 1784 213 1886 Et,
239 1812 332 1899 quot
348 1801 428 1900 agit
444 1800 555 1912 risus,
583 1811 642 1877 tot
658 1800 758 1876 mitti
774 1799 920 1901 spicula
935 1799 1081 1898 amoris,
1117 1806 1188 1891 5

198 1946 275 2022 Tot
291 1947 447 2046 flagrare
464 1946 555 2022 velit
572 1947 698 2036 corda,
725 1946 847 2046 perire
863 1947 974 2023 viros.
1012 2020 1103 2041 ,
1165 1912 1181 2044 ,⁸

148 2091 332 2192 Atueque
344 2094 773 2194 condecoratsplendens
785 2095 864 2169 sine
873 2092 1005 2171 fraude
1013 2060 1189 2171 venustas

195 2240 285 2330 Ora,
313 2267 437 2343 neque
453 2242 628 2343 ingenuae
647 2241 894 2343 simplicitatis
911 2242 1042 2319 honora

144 2390 250 2480 Quid
267 2391 297 2467 si
313 2378 479 2468 luxuriat
494 2393 645 2494 proprio
662 2417 770 2468 coma
786 2391 920 2469 tortilis
938 2418 1039 2483 auro,

195 2537 234 2614 Si
250 2563 333 2613 rosa
349 2565 554 2640 purpureas
571 2551 679 2615 ornat
696 2540 853 2615 honesta
868 2541 1004 2639 genas?
1140 2531 1187 2616 10

141 2685 253 2791 Mille
269 2688 371 2763 subit
386 2687 479 2763 varii
495 2685 609 2762 facies
628 2687 842 2762 discrimina
859 2686 993 2774 cultus,

192 2834 243 2910 Et
256 2836 355 2911 variat
370 2835 509 2912 dociles
525 2847 709 2937 temperat
726 2848 806 2911 arte
823 2836 935 2930 vices.

141 2983 265 3062 Crede
280 2997 421 3074 tamen,
448 2985 574 3059 nimiae
589 3009 719 3085 poenas
737 2985 841 3060 dabis
858 2985 1028 3086 improba
1044 3009 1156 3075 ourae,

190 3133 273 3209 Nec
290 3127 396 3233 perdi
413 3131 606 3208 illecebras
624 3147 753 3208 cernet
771 3135 890 3210 inulta
906 3134 1048 3210 Venus.

140 3280 255 3356 Anne
273 3306 363 3380 ergo
380 3280 563 3356 umbrosis
576 3281 702 3356 vidisti
719 3281 832 3358 livida
849 3284 888 3359 in
906 3283 1023 3360 hortis
1134 3294 1179 3359 15
1227 3342 1230 3349 .

135 3532 142 3551 x
188 3429 296 3540 Lilia,
309 3414 312 3419 ⁵
323 3431 399 3524 ldrs
416 3431 523 3508 vultu
542 3431 757 3507 candidiora
774 3434 861 3542 tuo?

136 3576 212 3655 Sed
228 3604 351 3681 neque
367 3580 423 3656 fas
440 3582 597 3676 vidisse;
625 3594 691 3657 tua
710 3593 767 3657 est
783 3583 839 3655 vis
857 3554 969 3659 aurea
985 3583 1128 3686 formae,

165 3757 167 3760 ⁴
185 3724 237 3802 Et
253 3692 432 3841 duicquid
447 3729 570 3806 valeat
588 3741 721 3830 sponte
737 3730 897 3831 placere,
925 3745 1034 3835 tuum
1051 3747 1120 3810 est.

135 3875 240 3964 Quid
257 3840 353 3951 maie
370 3872 564 3978 languenti
581 3902 756 3978 properas
774 3876 980 3956 accendere
998 3879 1087 3957 fuco
1117 3964 1124 3972 ,

183 4024 350 4114 Nativas,
377 4028 515 4103 biberit
531 4051 621 4126 quas
637 4052 736 4126 gena
755 4029 886 4116 tincta,
914 4054 1027 4111 rosas,
1127 4040 1177 4106 90

622 4183 703 4250 ΜΞ
