2648 4868
208 430 264 507 30
520 451 651 506 musra
680 450 935 505 nrounusrs.

208 630 259 706 Et
274 631 444 707 cantibus
455 630 626 732 jocisque
642 630 819 729 gaudium
838 633 1002 730 integrat

259 781 398 860 Quieta
414 781 611 881 progenies
630 782 738 858 casae!

209 935 290 1009 Stat
306 958 434 1008 mensa
451 932 619 1032 simplex,
646 933 751 1032 larga
766 931 881 1025 farra;
908 931 1052 1032 poculis

256 1081 398 1181 Liquor
415 1081 562 1156 renidet
579 1082 745 1182 spic'eus;
1197 1087 1246 1154 50
1294 1114 1311 1167 ῃ

207 1229 403 1328 Senexque
421 1229 625 1304 Lemurum
643 1236 809 1304 monstra
825 1239 950 1303 narrat
967 1239 1006 1303 et
1023 1226 1145 1304 dolos:

256 1375 390 1450 Terret
405 1375 603 1476 placetque
619 1373 756 1451 fabula.

205 1520 379 1598 Visamus
397 1522 485 1598 hinc
502 1506 754 1622 potentiorum
769 1520 922 1609 moenia,
947 1510 950 1515 ’

255 1669 472 1767 Domosque
491 1667 650 1743 divitum
668 1693 813 1744 aureas:
911 1660 914 1665 ’

205 1815 291 1904 Qun
301 1814 451 1915 juvenis
469 1814 585 1903 ardet,
598 1804 867 1914 'virginumque
885 1811 1049 1889 vultibus
1197 1824 1244 1889 55

255 1961 375 2036 Amor
391 1961 564 2059 perennis
581 1961 764 2060 pascitur:
785 1954 790 1965 ’
812 1954 817 1965 ’
942 1952 946 1959 ’

203 2105 377 2181 Visamus
395 2106 602 2191 ettheat'ra,
630 2104 897 2196 clara'lusibus,

254 2254 304 2327 Et
319 2251 492 2351 lacrymis
510 2246 729 2326 dolentium.
765 2276 770 2340 ζ
789 2245 794 2255 ’

204 2399 288 2487 Qun
306 2421 445 2499 cycnus
463 2397 551 2472 olim
568 2396 668 2473 fudit
684 2397 864 2476 indociles
881 2401 1012 2480 modos

252 2544 429 2620 Tendens
448 2545 515 2619 sub
533 2556 631 2620 astra
649 2545 831 2622 Avonius.

203 2691 241 2767 Ο
256 2718 331 2767 vox
349 2691 539 2791 melosque
557 2692 668 2768 dulce
684 2693 809 2771 labere
828 2697 993 2772 auribus!

252 2839 305 2917 O!
335 2841 399 2939 qui
416 2841 565 2914 maritat
583 2840 747 2916 carmina
811 2870 814 2875 ·

202 2985 301 3087 Lyrt
318 2993 466 3075 canora,
492 2985 627 3087 meque
644 2987 794 3086 surripit
811 2989 920 3082 mihi;
962 2986 965 2991 ’

112 3188 119 3206 .
252 3132 312 3208 Sic
329 3159 531 3233 personans
548 3132 770 3221 dulcedine,-

201 3279 256 3354 Ut
273 3280 380 3356 tollat
396 3248 570 3381 Orpheus
587 3279 738 3357 floribus
754 3282 922 3382 paullum
940 3300 1052 3384 caput
1194 3298 1241 3367 65

252 3414 402 3496 Placide
418 3422 619 3498 reflexum:
645 3421 726 3520 ipse
741 3420 890 3499 invidus

203 3564 365 3641 Miretur
382 3565 556 3670 Orpheus
574 3566 725 3643 melleos
743 3591 864 3660 sonos,
891 3571 988 3648 datae

251 3714 401 3829 Memor
418 3729 458 3792 et
473 3717 626 3819 relapsae
643 3719 824 3822 conjugis.

203 3864 299 3940 Haec
316 3890 449 3956 annue,
478 3867 737 3970 Euphrosynd
763 3891 802 3954 et
818 3878 892 3955 tuis
909 3880 957 3957 sit
973 3883 1098 3959 vivere

250 4014 321 4091 Fas
336 4017 494 4116 gaudiis,
518 4020 593 4099 tuis
609 4023 715 4099 mori.
908 4030 912 4040 '
1048 4034 1051 4041 '
1189 4041 1240 4120 70
