<?xml version="1.0" encoding="UTF-8"?>
<!DOCTYPE html PUBLIC "-//W3C//DTD XHTML 1.0 Transitional//EN"
    "http://www.w3.org/TR/xhtml1/DTD/xhtml1-transitional.dtd">
<html xmlns="http://www.w3.org/1999/xhtml" xml:lang="en" lang="en">
 <head>
  <title>
</title>
<meta http-equiv="Content-Type" content="text/html;charset=utf-8" />
  <meta name='ocr-system' content='tesseract 3.04.00' />
  <meta name='ocr-capabilities' content='ocr_page ocr_carea ocr_par ocr_line ocrx_word'/>
</head>
<body>
  <div class='ocr_page' id='page_1' title='image "./musetonensesseu01unkngoog_0109.png"; bbox 0 0 2648 4868; ppageno 0'>
   <div class='ocr_carea' id='block_1_1' title="bbox 138 432 896 514">
    <p class='ocr_par' dir='ltr' id='par_1_1' title="bbox 138 432 896 514">
     <span class='ocr_line' id='line_1_1' title="bbox 138 432 896 514; baseline -0.008 0"><span class='ocrx_word' id='word_1_1' title='bbox 138 432 195 514; x_wconf 80' lang='lat'>94</span> <span class='ocrx_word' id='word_1_2' title='bbox 441 453 581 510; x_wconf 61' lang='lat' dir='ltr'>‘nuans</span> <span class='ocrx_word' id='word_1_3' title='bbox 610 453 896 510; x_wconf 71' lang='lat' dir='ltr'>urrorrrnrsnsv</span> 
     </span>
    </p>
   </div>
   <div class='ocr_carea' id='block_1_2' title="bbox 139 634 1181 1183">
    <p class='ocr_par' dir='ltr' id='par_1_2' title="bbox 139 634 1181 1183">
     <span class='ocr_line' id='line_1_2' title="bbox 189 634 1130 736; baseline 0 -25"><span class='ocrx_word' id='word_1_4' title='bbox 189 635 297 711; x_wconf 80' lang='lat' dir='ltr'>Aura</span> <span class='ocrx_word' id='word_1_5' title='bbox 313 635 426 712; x_wconf 85' lang='lat' dir='ltr'>etiam</span> <span class='ocrx_word' id='word_1_6' title='bbox 443 637 590 736; x_wconf 86' lang='lat' dir='ltr'>patiens</span> <span class='ocrx_word' id='word_1_7' title='bbox 608 648 647 712; x_wconf 92' lang='lat' dir='ltr'>et</span> <span class='ocrx_word' id='word_1_8' title='bbox 662 635 827 735; x_wconf 85' lang='lat' dir='ltr'>liquidus</span> <span class='ocrx_word' id='word_1_9' title='bbox 844 635 980 711; x_wconf 89' lang='lat' dir='ltr'>humor</span> <span class='ocrx_word' id='word_1_10' title='bbox 996 634 1107 734; x_wconf 72' lang='lat' dir='ltr'>aquai</span> <span class='ocrx_word' id='word_1_11' title='bbox 1126 644 1130 653; x_wconf 84' lang='lat'>&#39;</span> 
     </span>
     <span class='ocr_line' id='line_1_3' title="bbox 139 784 1181 884; baseline -0.004 -21"><span class='ocrx_word' id='word_1_12' title='bbox 139 784 290 863; x_wconf 80' lang='lat' dir='ltr'><strong>Semina</strong></span> <span class='ocrx_word' id='word_1_13' title='bbox 308 785 565 872; x_wconf 81' lang='lat' dir='ltr'><strong>commiscent,</strong></span> <span class='ocrx_word' id='word_1_14' title='bbox 592 809 676 884; x_wconf 87' lang='lat' dir='ltr'>quae</span> <span class='ocrx_word' id='word_1_15' title='bbox 693 809 772 859; x_wconf 88' lang='lat' dir='ltr'>sese</span> <span class='ocrx_word' id='word_1_16' title='bbox 790 795 923 858; x_wconf 86' lang='lat' dir='ltr'>mutua</span> <span class='ocrx_word' id='word_1_17' title='bbox 935 793 1045 859; x_wconf 88' lang='lat' dir='ltr'>tactu</span> <span class='ocrx_word' id='word_1_18' title='bbox 1134 791 1181 872; x_wconf 85' lang='grc'>70</span> 
     </span>
     <span class='ocr_line' id='line_1_4' title="bbox 139 930 1128 1031; baseline -0.001 -22"><span class='ocrx_word' id='word_1_19' title='bbox 139 933 229 1009; x_wconf 86' lang='lat' dir='ltr'>Rite</span> <span class='ocrx_word' id='word_1_20' title='bbox 247 933 401 1025; x_wconf 85' lang='lat' dir='ltr'>bibunt;</span> <span class='ocrx_word' id='word_1_21' title='bbox 430 934 551 1009; x_wconf 90' lang='lat' dir='ltr'>donec</span> <span class='ocrx_word' id='word_1_22' title='bbox 569 958 653 1031; x_wconf 84' lang='lat' dir='ltr'>qnae</span> <span class='ocrx_word' id='word_1_23' title='bbox 669 932 811 1007; x_wconf 91' lang='lat' dir='ltr'>torrida</span> <span class='ocrx_word' id='word_1_24' title='bbox 828 930 979 1006; x_wconf 87' lang='lat' dir='ltr'>solverit</span> <span class='ocrx_word' id='word_1_25' title='bbox 996 943 1128 1020; x_wconf 73' lang='lat' dir='ltr'>restas,</span> 
     </span>
     <span class='ocr_line' id='line_1_5' title="bbox 139 1084 1177 1183; baseline -0.007 -23"><span class='ocrx_word' id='word_1_26' title='bbox 139 1084 233 1160; x_wconf 90' lang='lat' dir='ltr'>Mox</span> <span class='ocrx_word' id='word_1_27' title='bbox 252 1111 396 1160; x_wconf 89' lang='lat' dir='ltr'>rursum</span> <span class='ocrx_word' id='word_1_28' title='bbox 416 1086 572 1160; x_wconf 91' lang='lat' dir='ltr'>densata</span> <span class='ocrx_word' id='word_1_29' title='bbox 586 1085 691 1183; x_wconf 84' lang='lat' dir='ltr'>gravi</span> <span class='ocrx_word' id='word_1_30' title='bbox 709 1084 937 1160; x_wconf 85' lang='lat' dir='ltr'>descendere</span> <span class='ocrx_word' id='word_1_31' title='bbox 954 1084 1088 1158; x_wconf 70' lang='lat' dir='ltr'>bruma</span> <span class='ocrx_word' id='word_1_32' title='bbox 1144 1149 1151 1153; x_wconf 79' lang='grc'>,.</span> <span class='ocrx_word' id='word_1_33' title='bbox 1166 1098 1177 1105; x_wconf 20' lang='grc'>4·</span> 
     </span>
    </p>
   </div>
   <div class='ocr_carea' id='block_1_3' title="bbox 136 1231 998 1341">
    <p class='ocr_par' dir='ltr' id='par_1_3' title="bbox 136 1231 998 1341">
     <span class='ocr_line' id='line_1_6' title="bbox 136 1231 998 1341; baseline -0.007 -31"><span class='ocrx_word' id='word_1_34' title='bbox 136 1234 195 1310; x_wconf 84' lang='lat' dir='ltr'>Ex</span> <span class='ocrx_word' id='word_1_35' title='bbox 213 1233 290 1341; x_wconf 88' lang='lat' dir='ltr'>alto</span> <span class='ocrx_word' id='word_1_36' title='bbox 308 1233 506 1331; x_wconf 91' lang='lat' dir='ltr'>incipiunt,</span> <span class='ocrx_word' id='word_1_37' title='bbox 534 1247 572 1306; x_wconf 91' lang='lat' dir='ltr'>et</span> <span class='ocrx_word' id='word_1_38' title='bbox 588 1232 719 1307; x_wconf 89' lang='lat' dir='ltr'>tenuia</span> <span class='ocrx_word' id='word_1_39' title='bbox 735 1231 873 1307; x_wconf 90' lang='lat' dir='ltr'>vellera</span> <span class='ocrx_word' id='word_1_40' title='bbox 890 1231 998 1324; x_wconf 85' lang='lat' dir='ltr'>ferri3</span> 
     </span>
    </p>
   </div>
   <div class='ocr_carea' id='block_1_4' title="bbox 10 1360 1146 1480">
    <p class='ocr_par' dir='ltr' id='par_1_4' title="bbox 10 1360 1146 1480">
     <span class='ocr_line' id='line_1_7' title="bbox 10 1360 1146 1480; baseline -0.004 -20"><span class='ocrx_word' id='word_1_41' title='bbox 10 1360 13 1365; x_wconf 26' lang='lat'>⁸</span> <span class='ocrx_word' id='word_1_42' title='bbox 139 1382 221 1459; x_wconf 85' lang='lat' dir='ltr'>Aut</span> <span class='ocrx_word' id='word_1_43' title='bbox 236 1381 382 1480; x_wconf 85' lang='lat' dir='ltr'>grando</span> <span class='ocrx_word' id='word_1_44' title='bbox 401 1393 577 1456; x_wconf 89' lang='lat' dir='ltr'>concreta</span> <span class='ocrx_word' id='word_1_45' title='bbox 593 1380 737 1480; x_wconf 88' lang='lat' dir='ltr'>globos,</span> <span class='ocrx_word' id='word_1_46' title='bbox 764 1392 830 1461; x_wconf 83' lang='lat' dir='ltr'>sut</span> <span class='ocrx_word' id='word_1_47' title='bbox 846 1379 1033 1480; x_wconf 85' lang='lat' dir='ltr'>fragmina</span> <span class='ocrx_word' id='word_1_48' title='bbox 1050 1380 1146 1458; x_wconf 88' lang='lat' dir='ltr'>coelo</span> 
     </span>
    </p>
   </div>
   <div class='ocr_carea' id='block_1_5' title="bbox 3 1529 1183 3866">
    <p class='ocr_par' dir='ltr' id='par_1_5' title="bbox 71 1529 1180 2221">
     <span class='ocr_line' id='line_1_8' title="bbox 138 1529 1165 1629; baseline 0.001 -24"><span class='ocrx_word' id='word_1_49' title='bbox 138 1530 268 1629; x_wconf 88' lang='lat' dir='ltr'>Rupta</span> <span class='ocrx_word' id='word_1_50' title='bbox 284 1530 388 1604; x_wconf 90' lang='lat' dir='ltr'>nives</span> <span class='ocrx_word' id='word_1_51' title='bbox 406 1529 568 1628; x_wconf 87' lang='lat' dir='ltr'>agitant:</span> <span class='ocrx_word' id='word_1_52' title='bbox 595 1541 687 1604; x_wconf 92' lang='lat' dir='ltr'>tunc</span> <span class='ocrx_word' id='word_1_53' title='bbox 705 1554 803 1628; x_wconf 85' lang='lat' dir='ltr'>saepe</span> <span class='ocrx_word' id='word_1_54' title='bbox 819 1530 860 1603; x_wconf 95' lang='lat' dir='ltr'>in</span> <span class='ocrx_word' id='word_1_55' title='bbox 878 1555 1032 1629; x_wconf 88' lang='lat' dir='ltr'>vespere</span> <span class='ocrx_word' id='word_1_56' title='bbox 1049 1531 1165 1606; x_wconf 90' lang='lat' dir='ltr'>nubes</span> 
     </span>
     <span class='ocr_line' id='line_1_9' title="bbox 139 1678 1180 1779; baseline -0.001 -24"><span class='ocrx_word' id='word_1_57' title='bbox 139 1678 251 1776; x_wconf 81' lang='lat' dir='ltr'>Cogit</span> <span class='ocrx_word' id='word_1_58' title='bbox 268 1678 399 1765; x_wconf 84' lang='lat' dir='ltr'>hiems,</span> <span class='ocrx_word' id='word_1_59' title='bbox 415 1679 638 1778; x_wconf 67' lang='lat' dir='ltr'>madidique</span> <span class='ocrx_word' id='word_1_60' title='bbox 651 1678 792 1777; x_wconf 86' lang='lat' dir='ltr'>uligine</span> <span class='ocrx_word' id='word_1_61' title='bbox 804 1678 957 1779; x_wconf 90' lang='lat' dir='ltr'>profluit</span> <span class='ocrx_word' id='word_1_62' title='bbox 970 1680 1115 1755; x_wconf 89' lang='lat' dir='ltr'>humor.</span> <span class='ocrx_word' id='word_1_63' title='bbox 1133 1678 1180 1767; x_wconf 88' lang='lat'>76</span> 
     </span>
     <span class='ocr_line' id='line_1_10' title="bbox 71 1827 1111 1944; baseline 0.003 -43"><span class='ocrx_word' id='word_1_64' title='bbox 71 1932 74 1944; x_wconf 35' lang='grc' dir='ltr'>Ι</span> <span class='ocrx_word' id='word_1_65' title='bbox 186 1827 404 1914; x_wconf 81' lang='lat' dir='ltr'>Quinetiam</span> <span class='ocrx_word' id='word_1_66' title='bbox 423 1829 565 1902; x_wconf 90' lang='lat' dir='ltr'>sonitus</span> <span class='ocrx_word' id='word_1_67' title='bbox 580 1829 776 1927; x_wconf 88' lang='lat' dir='ltr'>variasque</span> <span class='ocrx_word' id='word_1_68' title='bbox 794 1827 982 1902; x_wconf 83' lang='lat' dir='ltr'>imitantia</span> <span class='ocrx_word' id='word_1_69' title='bbox 999 1854 1111 1904; x_wconf 90' lang='lat' dir='ltr'>voces</span> 
     </span>
     <span class='ocr_line' id='line_1_11' title="bbox 135 1974 1159 2075; baseline -0.006 -19"><span class='ocrx_word' id='word_1_70' title='bbox 135 1975 336 2056; x_wconf 90' lang='lat' dir='ltr'>Murmura</span> <span class='ocrx_word' id='word_1_71' title='bbox 351 1977 581 2075; x_wconf 90' lang='lat' dir='ltr'>percutiunt,</span> <span class='ocrx_word' id='word_1_72' title='bbox 608 1977 686 2051; x_wconf 92' lang='lat' dir='ltr'>icto</span> <span class='ocrx_word' id='word_1_73' title='bbox 703 1974 813 2050; x_wconf 91' lang='lat' dir='ltr'>simul</span> <span class='ocrx_word' id='word_1_74' title='bbox 831 1988 928 2065; x_wconf 77' lang='lat' dir='ltr'>aere,</span> <span class='ocrx_word' id='word_1_75' title='bbox 956 2001 1105 2052; x_wconf 84' lang='lat' dir='ltr'>sensns:</span> <span class='ocrx_word' id='word_1_76' title='bbox 1155 1995 1159 2002; x_wconf 84' lang='lat'>·</span> 
     </span>
     <span class='ocr_line' id='line_1_12' title="bbox 135 2123 1110 2221; baseline -0.001 -20"><span class='ocrx_word' id='word_1_77' title='bbox 135 2124 219 2201; x_wconf 90' lang='lat' dir='ltr'>Nec</span> <span class='ocrx_word' id='word_1_78' title='bbox 236 2147 310 2197; x_wconf 87' lang='lat' dir='ltr'>vox</span> <span class='ocrx_word' id='word_1_79' title='bbox 328 2148 574 2221; x_wconf 90' lang='lat' dir='ltr'>pervacuum</span> <span class='ocrx_word' id='word_1_80' title='bbox 592 2123 757 2213; x_wconf 86' lang='lat' dir='ltr'>auditur,</span> <span class='ocrx_word' id='word_1_81' title='bbox 782 2123 971 2198; x_wconf 91' lang='lat' dir='ltr'>liberrima</span> <span class='ocrx_word' id='word_1_82' title='bbox 988 2124 1110 2200; x_wconf 90' lang='lat' dir='ltr'>donec</span> 
     </span>
    </p>

    <p class='ocr_par' dir='ltr' id='par_1_6' title="bbox 1 2230 1183 2670">
     <span class='ocr_line' id='line_1_13' title="bbox 3 2267 1182 2367; baseline 0.005 -23.99"><span class='ocrx_word' id='word_1_83' title='bbox 3 2348 5 2353; x_wconf 53' lang='grc'>,</span> <span class='ocrx_word' id='word_1_84' title='bbox 135 2267 306 2344; x_wconf 93' lang='lat' dir='ltr'>Undanti</span> <span class='ocrx_word' id='word_1_85' title='bbox 322 2270 456 2367; x_wconf 89' lang='lat' dir='ltr'>raptim</span> <span class='ocrx_word' id='word_1_86' title='bbox 476 2282 582 2343; x_wconf 90' lang='lat' dir='ltr'>motu</span> <span class='ocrx_word' id='word_1_87' title='bbox 600 2270 830 2345; x_wconf 90' lang='lat' dir='ltr'>discriminat</span> <span class='ocrx_word' id='word_1_88' title='bbox 847 2297 974 2364; x_wconf 86' lang='lat' dir='ltr'>auras;</span> <span class='ocrx_word' id='word_1_89' title='bbox 1134 2279 1182 2349; x_wconf 80' lang='lat'>80</span> 
     </span>
     <span class='ocr_line' id='line_1_14' title="bbox 137 2398 1183 2520; baseline 0.007 -25"><span class='ocrx_word' id='word_1_90' title='bbox 137 2419 233 2495; x_wconf 91' lang='lat' dir='ltr'>Inde</span> <span class='ocrx_word' id='word_1_91' title='bbox 244 2418 391 2518; x_wconf 89' lang='lat' dir='ltr'>repulsa</span> <span class='ocrx_word' id='word_1_92' title='bbox 402 2420 513 2507; x_wconf 88' lang='lat' dir='ltr'>volat,</span> <span class='ocrx_word' id='word_1_93' title='bbox 529 2398 763 2520; x_wconf 87' lang='lat' dir='ltr'>tremuloque</span> <span class='ocrx_word' id='word_1_94' title='bbox 774 2423 827 2497; x_wconf 91' lang='lat' dir='ltr'>ita</span> <span class='ocrx_word' id='word_1_95' title='bbox 840 2422 994 2498; x_wconf 88' lang='lat' dir='ltr'>vulnere</span> <span class='ocrx_word' id='word_1_96' title='bbox 1005 2424 1045 2497; x_wconf 95' lang='lat' dir='ltr'>in</span> <span class='ocrx_word' id='word_1_97' title='bbox 1056 2438 1183 2501; x_wconf 87' lang='lat' dir='ltr'>aurem</span> 
     </span>
     <span class='ocr_line' id='line_1_15' title="bbox 137 2570 1035 2670; baseline 0.007 -25"><span class='ocrx_word' id='word_1_98' title='bbox 137 2570 281 2658; x_wconf 87' lang='lat' dir='ltr'>Influit,</span> <span class='ocrx_word' id='word_1_99' title='bbox 309 2571 543 2670; x_wconf 82' lang='lat' dir='ltr'>acquiritque</span> <span class='ocrx_word' id='word_1_100' title='bbox 560 2596 674 2648; x_wconf 90' lang='lat' dir='ltr'>novas</span> <span class='ocrx_word' id='word_1_101' title='bbox 692 2576 907 2650; x_wconf 90' lang='lat' dir='ltr'>curvamine</span> <span class='ocrx_word' id='word_1_102' title='bbox 924 2578 1035 2651; x_wconf 87' lang='lat' dir='ltr'>vires.</span> 
     </span>
    </p>

    <p class='ocr_par' dir='ltr' id='par_1_7' title="bbox 136 2723 1181 3264">
     <span class='ocr_line' id='line_1_16' title="bbox 184 2723 1065 2821; baseline 0.003 -24"><span class='ocrx_word' id='word_1_103' title='bbox 184 2723 299 2810; x_wconf 81' lang='lat' dir='ltr'>Quod</span> <span class='ocrx_word' id='word_1_104' title='bbox 317 2734 496 2821; x_wconf 87' lang='lat' dir='ltr'>superest,</span> <span class='ocrx_word' id='word_1_105' title='bbox 524 2723 652 2798; x_wconf 85' lang='lat' dir='ltr'>nutrix</span> <span class='ocrx_word' id='word_1_106' title='bbox 668 2723 760 2798; x_wconf 88' lang='lat' dir='ltr'>vitai</span> <span class='ocrx_word' id='word_1_107' title='bbox 777 2725 987 2800; x_wconf 83' lang='lat' dir='ltr'>animabilis</span> <span class='ocrx_word' id='word_1_108' title='bbox 1002 2738 1065 2800; x_wconf 71' lang='lat' dir='ltr'>aer</span> 
     </span>
     <span class='ocr_line' id='line_1_17' title="bbox 136 2869 1134 2972; baseline 0.004 -26"><span class='ocrx_word' id='word_1_109' title='bbox 136 2869 369 2969; x_wconf 79' lang='lat' dir='ltr'>Spiramenta</span> <span class='ocrx_word' id='word_1_110' title='bbox 385 2870 502 2956; x_wconf 86' lang='lat' dir='ltr'>fovet,</span> <span class='ocrx_word' id='word_1_111' title='bbox 529 2871 736 2968; x_wconf 88' lang='lat' dir='ltr'>mistusque</span> <span class='ocrx_word' id='word_1_112' title='bbox 752 2870 792 2944; x_wconf 93' lang='lat' dir='ltr'>in</span> <span class='ocrx_word' id='word_1_113' title='bbox 810 2871 992 2969; x_wconf 85' lang='lat' dir='ltr'>sanguine</span> <span class='ocrx_word' id='word_1_114' title='bbox 1008 2883 1134 2972; x_wconf 87' lang='lat' dir='ltr'>partes</span> 
     </span>
     <span class='ocr_line' id='line_1_18' title="bbox 136 2981 1181 3119; baseline 0.006 -27"><span class='ocrx_word' id='word_1_115' title='bbox 136 3016 339 3115; x_wconf 76' lang='lat' dir='ltr'>Corruptos</span> <span class='ocrx_word' id='word_1_116' title='bbox 355 3016 515 3090; x_wconf 80' lang='lat' dir='ltr'>flammae</span> <span class='ocrx_word' id='word_1_117' title='bbox 531 3028 680 3115; x_wconf 87' lang='lat' dir='ltr'>purgat,</span> <span class='ocrx_word' id='word_1_118' title='bbox 698 2981 923 3119; x_wconf 84' lang='lat' dir='ltr'>nigrumque</span> <span class='ocrx_word' id='word_1_119' title='bbox 941 3045 1114 3097; x_wconf 88' lang='lat' dir='ltr'>cruorem</span> <span class='ocrx_word' id='word_1_120' title='bbox 1131 3029 1181 3098; x_wconf 84' lang='lat'>85</span> 
     </span>
     <span class='ocr_line' id='line_1_19' title="bbox 136 3127 942 3264; baseline 0.001 -24"><span class='ocrx_word' id='word_1_121' title='bbox 136 3164 226 3240; x_wconf 88' lang='lat' dir='ltr'>Rite</span> <span class='ocrx_word' id='word_1_122' title='bbox 244 3165 319 3239; x_wconf 87' lang='lat' dir='ltr'>suis</span> <span class='ocrx_word' id='word_1_123' title='bbox 337 3165 440 3264; x_wconf 82' lang='lat' dir='ltr'>cogit</span> <span class='ocrx_word' id='word_1_124' title='bbox 456 3127 606 3264; x_wconf 90' lang='lat' dir='ltr'>propior</span> <span class='ocrx_word' id='word_1_125' title='bbox 623 3187 808 3243; x_wconf 83' lang='lat' dir='ltr'>rarescere</span> <span class='ocrx_word' id='word_1_126' title='bbox 826 3168 942 3243; x_wconf 91' lang='lat' dir='ltr'>venis.</span> 
     </span>
    </p>

    <p class='ocr_par' dir='ltr' id='par_1_8' title="bbox 106 3296 994 3419">
     <span class='ocr_line' id='line_1_20' title="bbox 106 3296 994 3419; baseline 0.003 -25"><span class='ocrx_word' id='word_1_127' title='bbox 106 3296 108 3302; x_wconf 68' lang='lat'>,</span> <span class='ocrx_word' id='word_1_128' title='bbox 134 3318 234 3394; x_wconf 91' lang='lat' dir='ltr'>Nam</span> <span class='ocrx_word' id='word_1_129' title='bbox 251 3317 307 3392; x_wconf 90' lang='lat' dir='ltr'>vis</span> <span class='ocrx_word' id='word_1_130' title='bbox 323 3316 501 3418; x_wconf 89' lang='lat' dir='ltr'>pestifero</span> <span class='ocrx_word' id='word_1_131' title='bbox 518 3318 757 3418; x_wconf 88' lang='lat' dir='ltr'>pulmonibus</span> <span class='ocrx_word' id='word_1_132' title='bbox 774 3321 886 3419; x_wconf 85' lang='lat' dir='ltr'>ignea</span> <span class='ocrx_word' id='word_1_133' title='bbox 901 3321 994 3397; x_wconf 86' lang='lat' dir='ltr'>flatu</span> 
     </span>
    </p>

    <p class='ocr_par' dir='ltr' id='par_1_9' title="bbox 97 3464 1183 3866">
     <span class='ocr_line' id='line_1_21' title="bbox 123 3464 1031 3568; baseline 0.004 -26"><span class='ocrx_word' id='word_1_134' title='bbox 123 3464 278 3556; x_wconf 86' lang='lat' dir='ltr'>¹Influit,</span> <span class='ocrx_word' id='word_1_135' title='bbox 290 3474 292 3479; x_wconf 79' lang='grc'>’</span> <span class='ocrx_word' id='word_1_136' title='bbox 305 3466 499 3568; x_wconf 89' lang='lat' dir='ltr'>invisoque</span> <span class='ocrx_word' id='word_1_137' title='bbox 516 3470 680 3568; x_wconf 83' lang='lat' dir='ltr'>‘agitatur</span> <span class='ocrx_word' id='word_1_138' title='bbox 698 3469 888 3545; x_wconf 90' lang='lat' dir='ltr'>flammula</span> <span class='ocrx_word' id='word_1_139' title='bbox 905 3482 1031 3566; x_wconf 64' lang='lat' dir='ltr'>motu,</span> 
     </span>
     <span class='ocr_line' id='line_1_22' title="bbox 97 3616 1012 3718; baseline -0.002 -25"><span class='ocrx_word' id='word_1_140' title='bbox 97 3701 101 3707; x_wconf 10' lang='grc' dir='ltr'><em>ὁ</em></span> <span class='ocrx_word' id='word_1_141' title='bbox 136 3616 261 3708; x_wconf 83' lang='lat' dir='ltr'>Quam</span> <span class='ocrx_word' id='word_1_142' title='bbox 279 3629 488 3718; x_wconf 86' lang='lat' dir='ltr'>correptam</span> <span class='ocrx_word' id='word_1_143' title='bbox 506 3618 604 3693; x_wconf 83' lang='lat' dir='ltr'>auris</span> <span class='ocrx_word' id='word_1_144' title='bbox 621 3617 802 3718; x_wconf 88' lang='lat' dir='ltr'>spirabilis</span> <span class='ocrx_word' id='word_1_145' title='bbox 820 3616 923 3693; x_wconf 91' lang='lat' dir='ltr'>elicit</span> <span class='ocrx_word' id='word_1_146' title='bbox 939 3630 1012 3706; x_wconf 77' lang='lat' dir='ltr'>aer,</span> 
     </span>
     <span class='ocr_line' id='line_1_23' title="bbox 135 3765 1183 3866; baseline -0.001 -24"><span class='ocrx_word' id='word_1_147' title='bbox 135 3765 400 3866; x_wconf 84' lang='lat' dir='ltr'>Absorbetque</span> <span class='ocrx_word' id='word_1_148' title='bbox 417 3778 547 3842; x_wconf 81' lang='lat' dir='ltr'>aestus:</span> <span class='ocrx_word' id='word_1_149' title='bbox 574 3767 691 3842; x_wconf 91' lang='lat' dir='ltr'>nimio</span> <span class='ocrx_word' id='word_1_150' title='bbox 703 3778 748 3841; x_wconf 84' lang='lat' dir='ltr'>at</span> <span class='ocrx_word' id='word_1_151' title='bbox 764 3777 929 3842; x_wconf 88' lang='lat' dir='ltr'>saturata</span> <span class='ocrx_word' id='word_1_152' title='bbox 946 3765 1070 3842; x_wconf 89' lang='lat' dir='ltr'>calore</span> <span class='ocrx_word' id='word_1_153' title='bbox 1129 3773 1183 3850; x_wconf 89' lang='lat'>90</span> 
     </span>
    </p>
   </div>
   <div class='ocr_carea' id='block_1_6' title="bbox 135 3921 1142 4023">
    <p class='ocr_par' dir='ltr' id='par_1_10' title="bbox 135 3921 1142 4023">
     <span class='ocr_line' id='line_1_24' title="bbox 135 3921 1142 4023; baseline -0.001 -23"><span class='ocrx_word' id='word_1_154' title='bbox 135 3921 260 4000; x_wconf 88' lang='lat' dir='ltr'>Corda</span> <span class='ocrx_word' id='word_1_155' title='bbox 275 3947 408 4023; x_wconf 85' lang='lat' dir='ltr'>graves</span> <span class='ocrx_word' id='word_1_156' title='bbox 424 3934 603 4022; x_wconf 89' lang='lat' dir='ltr'>torquent</span> <span class='ocrx_word' id='word_1_157' title='bbox 618 3931 760 4023; x_wconf 81' lang='lat' dir='ltr'>pestes3</span> <span class='ocrx_word' id='word_1_158' title='bbox 789 3922 963 3998; x_wconf 89' lang='lat' dir='ltr'>animalia</span> <span class='ocrx_word' id='word_1_159' title='bbox 979 3921 1142 3999; x_wconf 85' lang='lat' dir='ltr'>densent</span> 
     </span>
    </p>
   </div>
   <div class='ocr_carea' id='block_1_7' title="bbox 37 4069 1115 4172">
    <p class='ocr_par' dir='ltr' id='par_1_11' title="bbox 37 4069 1115 4172">
     <span class='ocr_line' id='line_1_25' title="bbox 37 4069 1115 4172; baseline -0.003 -21"><span class='ocrx_word' id='word_1_160' title='bbox 37 4114 40 4118; x_wconf 42' lang='lat'><strong>⁴</strong></span> <span class='ocrx_word' id='word_1_161' title='bbox 135 4070 297 4164; x_wconf 82' lang='lat' dir='ltr'>Semina,</span> <span class='ocrx_word' id='word_1_162' title='bbox 323 4094 407 4172; x_wconf 82' lang='lat' dir='ltr'>quae</span> <span class='ocrx_word' id='word_1_163' title='bbox 423 4082 524 4150; x_wconf 90' lang='lat' dir='ltr'>retro</span> <span class='ocrx_word' id='word_1_164' title='bbox 541 4071 579 4146; x_wconf 90' lang='lat' dir='ltr'>in</span> <span class='ocrx_word' id='word_1_165' title='bbox 597 4069 740 4149; x_wconf 90' lang='lat' dir='ltr'>medios</span> <span class='ocrx_word' id='word_1_166' title='bbox 757 4072 954 4171; x_wconf 86' lang='lat' dir='ltr'>refluentia</span> <span class='ocrx_word' id='word_1_167' title='bbox 971 4071 1115 4150; x_wconf 91' lang='lat' dir='ltr'>cedunt</span> 
     </span>
    </p>
   </div>
   <div class='ocr_carea' id='block_1_8' title="bbox 0 0 1328 4868">
    <p class='ocr_par' dir='ltr' id='par_1_12' title="bbox 0 0 1328 4868">
     <span class='ocr_line' id='line_1_26' title="bbox 0 0 1328 4868; baseline 0 0"><span class='ocrx_word' id='word_1_168' title='bbox 0 0 1328 4868; x_wconf 95' lang='lat' dir='ltr'> </span> 
     </span>
    </p>
   </div>
  </div>
 </body>
</html>
