2648 4868
289 504 295 516 ’
374 493 505 550 ntusm
534 494 805 550 nnonnnsns„
1018 471 1100 572 207

50 677 240 758 Omnibus
257 691 316 757 est
330 679 433 757 idem
450 705 590 758 sensus.
615 661 627 683 ⁸
643 680 713 768 Te,
732 703 868 778 magne
881 679 1039 774 Jehova,
1050 689 1103 759 20

48 831 111 908 Te
125 832 312 934 Scythicae
328 846 462 934 gentes
477 833 705 935 informique
723 818 834 908 India
850 833 957 911 cultu

51 983 307 1082 Prosequitur,
335 983 503 1082 quamvis
521 982 726 1059 ululatibus
738 980 916 1060 infremat
928 995 990 1058 aer

53 1132 276 1219 Horrendis,
296 1131 465 1230 quamvis
483 1132 648 1209 distortis
666 1133 820 1207 artubus
837 1157 967 1208 omnes

52 1279 220 1357 Viminei
233 1290 322 1355 ante
337 1302 418 1354 aras
436 1280 575 1356 saltant
587 1293 627 1356 et
643 1281 773 1373 limina
790 1282 893 1356 Divi.

106 1429 209 1504 Hinc
225 1428 319 1503 varii
336 1439 505 1504 veterum
523 1431 628 1520 ritus,
656 1442 695 1506 et
712 1431 838 1505 inania
854 1456 976 1525 sacra3
1055 1441 1102 1507 25

55 1576 160 1654 Hinc
176 1599 330 1652 nemore
347 1577 386 1649 in
404 1577 529 1651 medio
547 1590 613 1651 ant
630 1577 714 1652 altis
732 1579 771 1651 in
789 1577 947 1654 collibus
965 1579 1053 1654 olim

54 1723 206 1801 Oblatae
221 1724 305 1810 tibi,
332 1723 438 1812 Bele,
463 1723 595 1821 dapes:
621 1722 710 1798 hinc
726 1724 882 1799 numina
898 1723 1002 1813 falsa,

55 1870 354 1970 Omnigenaeque
370 1869 473 1958 ferae,
488 1881 528 1944 et
545 1870 652 1944 saevis
669 1882 794 1945 satura
811 1870 996 1968 anguibus
1014 1871 1103 1960 Ibis,

10 2017 13 2022 ’
58 2020 124 2095 nd
142 2019 221 2092 Nili
238 2019 357 2118 ripam
376 2029 414 2092 et
430 2017 590 2117 pingues
608 2016 749 2115 uligine
766 2043 917 2118 campos

57 2167 172 2244 Culta
180 2167 305 2267 prins:
322 2190 445 2265 neque
457 2166 559 2239 enim
572 2176 711 2240 terram
723 2165 880 2242 latrator
892 2165 1039 2243 Anubis
1056 2174 1107 2243 80

58 2318 185 2394 Ubere
202 2315 337 2391 ditavit
352 2314 516 2414 gremi03
543 2325 587 2388 tu
605 2314 704 2389 solus
721 2312 914 2404 honorem,

60 2467 216 2565 Magne,
239 2463 366 2552 refers,
390 2475 434 2538 tu
450 2475 551 2549 vota,
577 2462 703 2554 Deus;
728 2475 771 2538 tu
788 2489 876 2539 rura
892 2464 1050 2565 Canopi,

59 2611 251 2713 Plenoque
267 2611 453 2686 undantes
470 2607 651 2694 secundas
668 2608 822 2684 flumine
840 2635 1003 2709 campos.
1129 2666 1132 2671 ·

109 2762 271 2836 Necnon
287 2771 328 2832 te
345 2756 535 2832 Druidum
555 2754 690 2843 cultus,
717 2769 830 2854 atque
848 2757 959 2833 elicta
976 2759 1091 2833 sensit

62 2908 237 3008 Religio,
251 2931 339 2982 nam
353 2929 452 3005 saepe
465 2906 557 2979 cavi
568 2903 607 2977 in
620 2901 790 2978 convalle
803 2904 872 2978 sub
890 2906 1040 2983 umbras
1057 2911 1107 2982 35
1217 2995 1218 2998 Ἴ

60 3056 245 3133 Silvarum
262 3054 479 3142 horrendas,
497 3076 605 3128 saevae
621 3051 828 3150 penetralia
844 3051 986 3143 Monae,
1079 3158 1086 3167 ο

34 3203 172 3282 ‘defidit
187 3205 298 3280 Luna
315 3190 456 3303 (nefas)
474 3203 638 3276 humano
655 3202 837 3300 sanguine
854 3203 976 3279 Divos

62 3354 218 3442 Placari,
246 3352 441 3451 scissisque
458 3351 575 3427 comis
591 3348 734 3426 ululare
751 3350 941 3428 ministros

64 3502 137 3577 Per
153 3526 318 3591 nemora,
333 3512 372 3578 et
388 3499 503 3575 furias
520 3497 671 3574 saltanti
688 3498 896 3577 accendere
912 3502 1046 3579 turboe.
1057 3508 1109 3588 89

115 3649 347 3739 Quinetiam,
361 3647 587 3747 AEtbiopum
601 3647 641 3722 in
658 3649 800 3748 campis
815 3660 856 3725 et
872 3647 982 3727 litore
999 3653 1113 3742 sicco,

64 3798 162 3874 Vela
177 3798 482 3899 prnnnlcemens
498 3799 762 3897 labentemque
777 3799 903 3877 incola
917 3803 1081 3907 puppim·

64 3951 263 4030 Oceanum
280 3967 487 4053 ventosque
503 3964 633 4047 vocam
660 3955 692 4030 si
708 3954 865 4032 forsitan
882 3958 1004 4035 alma·
1048 3967 1089 4002 ¹·
1165 3980 1176 3995 ²
1306 3940 1311 3949 ’

65 4099 288 4201 Tempestas
305 4099 441 4200 pelago
455 4101 661 4192 incumbat,
689 4128 900 4204 saevamque
917 4107 1087 4182 carinam·
1111 4125 1129 4149 ·'
