<?xml version="1.0" encoding="UTF-8"?>
<!DOCTYPE html PUBLIC "-//W3C//DTD XHTML 1.0 Transitional//EN"
    "http://www.w3.org/TR/xhtml1/DTD/xhtml1-transitional.dtd">
<html xmlns="http://www.w3.org/1999/xhtml" xml:lang="en" lang="en">
 <head>
  <title>
</title>
<meta http-equiv="Content-Type" content="text/html;charset=utf-8" />
  <meta name='ocr-system' content='tesseract 3.04.00' />
  <meta name='ocr-capabilities' content='ocr_page ocr_carea ocr_par ocr_line ocrx_word'/>
</head>
<body>
  <div class='ocr_page' id='page_1' title='image "./musetonensesseu01unkngoog_0141.png"; bbox 0 0 2648 4868; ppageno 0'>
   <div class='ocr_carea' id='block_1_1' title="bbox 139 417 862 528">
    <p class='ocr_par' dir='ltr' id='par_1_1' title="bbox 139 417 862 528">
     <span class='ocr_line' id='line_1_1' title="bbox 139 417 862 528; baseline 0 -31"><span class='ocrx_word' id='word_1_1' title='bbox 139 417 223 498; x_wconf 74' lang='lat'>126</span> <span class='ocrx_word' id='word_1_2' title='bbox 331 523 333 528; x_wconf 15' lang='grc' dir='ltr'>Ι</span> <span class='ocrx_word' id='word_1_3' title='bbox 447 439 578 497; x_wconf 67' lang='lat' dir='ltr'>Musa</span> <span class='ocrx_word' id='word_1_4' title='bbox 607 437 862 497; x_wconf 55' lang='lat' dir='ltr'>arounusnsa</span> 
     </span>
    </p>
   </div>
   <div class='ocr_carea' id='block_1_2' title="bbox 33 588 924 3997">
    <p class='ocr_par' dir='ltr' id='par_1_2' title="bbox 33 588 924 3997">
     <span class='ocr_line' id='line_1_2' title="bbox 136 588 813 716; baseline -0.006 -23"><span class='ocrx_word' id='word_1_5' title='bbox 136 618 319 701; x_wconf 88' lang='lat' dir='ltr'>Ornatus;</span> <span class='ocrx_word' id='word_1_6' title='bbox 346 615 422 691; x_wconf 75' lang='lat' dir='ltr'>und</span> <span class='ocrx_word' id='word_1_7' title='bbox 439 588 630 716; x_wconf 85' lang='lat' dir='ltr'>impellere</span> <span class='ocrx_word' id='word_1_8' title='bbox 645 615 813 715; x_wconf 88' lang='lat' dir='ltr'>gestiunt</span> 
     </span>
     <span class='ocr_line' id='line_1_3' title="bbox 138 763 847 864; baseline -0.003 -26"><span class='ocrx_word' id='word_1_9' title='bbox 138 764 337 839; x_wconf 84' lang='lat' dir='ltr'>Horrenda</span> <span class='ocrx_word' id='word_1_10' title='bbox 355 763 448 839; x_wconf 88' lang='lat' dir='ltr'>Solis</span> <span class='ocrx_word' id='word_1_11' title='bbox 465 776 643 864; x_wconf 90' lang='lat' dir='ltr'>tympana</span> <span class='ocrx_word' id='word_1_12' title='bbox 660 763 847 862; x_wconf 88' lang='lat' dir='ltr'>Virgines,</span> 
     </span>
     <span class='ocr_line' id='line_1_4' title="bbox 185 912 768 988; baseline -0.007 -1"><span class='ocrx_word' id='word_1_13' title='bbox 185 912 234 987; x_wconf 83' lang='lat' dir='ltr'>Et</span> <span class='ocrx_word' id='word_1_14' title='bbox 252 913 440 987; x_wconf 83' lang='lat' dir='ltr'>victimam</span> <span class='ocrx_word' id='word_1_15' title='bbox 460 913 559 988; x_wconf 90' lang='lat' dir='ltr'>circa</span> <span class='ocrx_word' id='word_1_16' title='bbox 576 923 768 986; x_wconf 85' lang='lat' dir='ltr'><strong>cruentam</strong></span> 
     </span>
     <span class='ocr_line' id='line_1_5' title="bbox 235 1061 794 1162; baseline -0.009 -24"><span class='ocrx_word' id='word_1_17' title='bbox 235 1063 451 1138; x_wconf 83' lang='lat' dir='ltr'><strong>Barbaricas</strong></span> <span class='ocrx_word' id='word_1_18' title='bbox 468 1064 612 1162; x_wconf 91' lang='lat' dir='ltr'>agitant</span> <span class='ocrx_word' id='word_1_19' title='bbox 629 1061 794 1136; x_wconf 88' lang='lat' dir='ltr'>choreas.</span> 
     </span>
     <span class='ocr_line' id='line_1_6' title="bbox 135 1213 755 1316; baseline -0.005 -25"><span class='ocrx_word' id='word_1_20' title='bbox 135 1217 270 1314; x_wconf 89' lang='lat' dir='ltr'>Ignota</span> <span class='ocrx_word' id='word_1_21' title='bbox 286 1216 398 1316; x_wconf 72' lang='lat' dir='ltr'>longe</span> <span class='ocrx_word' id='word_1_22' title='bbox 414 1216 642 1316; x_wconf 67' lang='lat' dir='ltr'>prospiciens</span> <span class='ocrx_word' id='word_1_23' title='bbox 659 1213 755 1289; x_wconf 88' lang='lat' dir='ltr'>freta</span> 
     </span>
     <span class='ocr_line' id='line_1_7' title="bbox 33 1368 827 1466; baseline 0 -27"><span class='ocrx_word' id='word_1_24' title='bbox 33 1431 37 1439; x_wconf 93' lang='lat'>.</span> <span class='ocrx_word' id='word_1_25' title='bbox 135 1369 249 1448; x_wconf 81' lang='lat' dir='ltr'>Potor</span> <span class='ocrx_word' id='word_1_26' title='bbox 268 1369 393 1442; x_wconf 84' lang='lat' dir='ltr'>Zaarae</span> <span class='ocrx_word' id='word_1_27' title='bbox 411 1369 582 1458; x_wconf 91' lang='lat' dir='ltr'>Maurus,</span> <span class='ocrx_word' id='word_1_28' title='bbox 608 1380 651 1443; x_wconf 89' lang='lat' dir='ltr'>ut</span> <span class='ocrx_word' id='word_1_29' title='bbox 668 1368 827 1466; x_wconf 89' lang='lat' dir='ltr'>improbi</span> 
     </span>
     <span class='ocr_line' id='line_1_8' title="bbox 183 1521 780 1621; baseline -0.002 -26"><span class='ocrx_word' id='word_1_30' title='bbox 183 1522 386 1621; x_wconf 89' lang='lat' dir='ltr'><strong>Nunquam</strong></span> <span class='ocrx_word' id='word_1_31' title='bbox 405 1521 616 1597; x_wconf 86' lang='lat' dir='ltr'>Caribbaeas</span> <span class='ocrx_word' id='word_1_32' title='bbox 634 1523 681 1596; x_wconf 90' lang='lat' dir='ltr'>ad</span> <span class='ocrx_word' id='word_1_33' title='bbox 699 1546 780 1596; x_wconf 89' lang='lat' dir='ltr'>oras</span> 
     </span>
     <span class='ocr_line' id='line_1_9' title="bbox 234 1672 762 1779; baseline -0.002 -32"><span class='ocrx_word' id='word_1_34' title='bbox 234 1673 381 1749; x_wconf 89' lang='lat' dir='ltr'>Servitii</span> <span class='ocrx_word' id='word_1_35' title='bbox 399 1673 477 1749; x_wconf 85' lang='lat' dir='ltr'>fera</span> <span class='ocrx_word' id='word_1_36' title='bbox 488 1672 613 1779; x_wconf 77' lang='lat' dir='ltr'>¹vincla</span> <span class='ocrx_word' id='word_1_37' title='bbox 628 1672 762 1772; x_wconf 85' lang='lat' dir='ltr'>ploret,</span> 
     </span>
     <span class='ocr_line' id='line_1_10' title="bbox 135 1817 775 1917; baseline 0.003 -25"><span class='ocrx_word' id='word_1_38' title='bbox 135 1817 256 1892; x_wconf 87' lang='lat' dir='ltr'>Offert</span> <span class='ocrx_word' id='word_1_39' title='bbox 272 1819 444 1917; x_wconf 90' lang='lat' dir='ltr'>procellis</span> <span class='ocrx_word' id='word_1_40' title='bbox 462 1831 549 1893; x_wconf 87' lang='lat' dir='ltr'>vota</span> <span class='ocrx_word' id='word_1_41' title='bbox 565 1817 775 1894; x_wconf 84' lang='lat' dir='ltr'>furentibus</span> 
     </span>
     <span class='ocr_line' id='line_1_11' title="bbox 135 1947 924 2044; baseline -0.005 0"><span class='ocrx_word' id='word_1_42' title='bbox 135 1968 284 2044; x_wconf 85' lang='lat' dir='ltr'><strong>Adusta</strong></span> <span class='ocrx_word' id='word_1_43' title='bbox 300 1969 435 2044; x_wconf 89' lang='lat' dir='ltr'>tollens</span> <span class='ocrx_word' id='word_1_44' title='bbox 451 1969 614 2044; x_wconf 87' lang='lat' dir='ltr'>brachia.</span> <span class='ocrx_word' id='word_1_45' title='bbox 669 1967 732 2041; x_wconf 86' lang='lat' dir='ltr'>Ad</span> <span class='ocrx_word' id='word_1_46' title='bbox 751 1947 924 2042; x_wconf 89' lang='lat' dir='ltr'>Indicum</span> 
     </span>
     <span class='ocr_line' id='line_1_12' title="bbox 184 2119 808 2216; baseline 0 -24"><span class='ocrx_word' id='word_1_47' title='bbox 184 2120 270 2206; x_wconf 84' lang='lat' dir='ltr'>Qua</span> <span class='ocrx_word' id='word_1_48' title='bbox 285 2120 405 2193; x_wconf 88' lang='lat' dir='ltr'>tristia</span> <span class='ocrx_word' id='word_1_49' title='bbox 423 2119 635 2216; x_wconf 85' lang='lat' dir='ltr'>Esperanza</span> <span class='ocrx_word' id='word_1_50' title='bbox 651 2131 808 2216; x_wconf 91' lang='lat' dir='ltr'>pontum</span> 
     </span>
     <span class='ocr_line' id='line_1_13' title="bbox 233 2249 820 2364; baseline 0 -25"><span class='ocrx_word' id='word_1_51' title='bbox 233 2267 329 2339; x_wconf 86' lang='lat' dir='ltr'>Saxa</span> <span class='ocrx_word' id='word_1_52' title='bbox 346 2266 469 2363; x_wconf 88' lang='lat' dir='ltr'>rigens</span> <span class='ocrx_word' id='word_1_53' title='bbox 488 2277 526 2338; x_wconf 88' lang='lat' dir='ltr'>et</span> <span class='ocrx_word' id='word_1_54' title='bbox 543 2265 782 2364; x_wconf 86' lang='lat' dir='ltr'>inhospitales</span> <span class='ocrx_word' id='word_1_55' title='bbox 814 2249 820 2258; x_wconf 43' lang='lat'>⁸</span> 
     </span>
     <span class='ocr_line' id='line_1_14' title="bbox 133 2413 763 2502; baseline -0.003 -13"><span class='ocrx_word' id='word_1_56' title='bbox 133 2413 311 2489; x_wconf 83' lang='lat' dir='ltr'>Ostendit</span> <span class='ocrx_word' id='word_1_57' title='bbox 328 2439 420 2502; x_wconf 88' lang='lat' dir='ltr'>oras,</span> <span class='ocrx_word' id='word_1_58' title='bbox 448 2413 570 2487; x_wconf 93' lang='lat' dir='ltr'>incola</span> <span class='ocrx_word' id='word_1_59' title='bbox 585 2414 763 2487; x_wconf 86' lang='lat' dir='ltr'>barbarus</span> 
     </span>
     <span class='ocr_line' id='line_1_15' title="bbox 137 2565 787 2663; baseline -0.006 -21"><span class='ocrx_word' id='word_1_60' title='bbox 137 2565 225 2643; x_wconf 76' lang='lat' dir='ltr'>Fert</span> <span class='ocrx_word' id='word_1_61' title='bbox 241 2589 333 2640; x_wconf 90' lang='lat' dir='ltr'>voce</span> <span class='ocrx_word' id='word_1_62' title='bbox 352 2565 471 2640; x_wconf 86' lang='lat' dir='ltr'>Lunae</span> <span class='ocrx_word' id='word_1_63' title='bbox 488 2566 632 2639; x_wconf 73' lang='lat' dir='ltr'>solicitat</span> <span class='ocrx_word' id='word_1_64' title='bbox 647 2588 787 2663; x_wconf 90' lang='lat' dir='ltr'>preces,</span> 
     </span>
     <span class='ocr_line' id='line_1_16' title="bbox 183 2712 631 2790; baseline -0.004 0"><span class='ocrx_word' id='word_1_65' title='bbox 183 2714 238 2790; x_wconf 86' lang='lat' dir='ltr'>Ut</span> <span class='ocrx_word' id='word_1_66' title='bbox 253 2712 374 2789; x_wconf 86' lang='lat' dir='ltr'>laetior</span> <span class='ocrx_word' id='word_1_67' title='bbox 391 2715 527 2790; x_wconf 86' lang='lat' dir='ltr'>ditaret</span> <span class='ocrx_word' id='word_1_68' title='bbox 544 2739 631 2788; x_wconf 82' lang='lat' dir='ltr'>arva</span> 
     </span>
     <span class='ocr_line' id='line_1_17' title="bbox 233 2861 793 2960; baseline -0.005 -24"><span class='ocrx_word' id='word_1_69' title='bbox 233 2863 430 2950; x_wconf 86' lang='lat' dir='ltr'>Fertilitas,</span> <span class='ocrx_word' id='word_1_70' title='bbox 459 2874 497 2937; x_wconf 92' lang='lat' dir='ltr'>et</span> <span class='ocrx_word' id='word_1_71' title='bbox 514 2863 637 2960; x_wconf 90' lang='lat' dir='ltr'>opima</span> <span class='ocrx_word' id='word_1_72' title='bbox 654 2861 793 2937; x_wconf 88' lang='lat' dir='ltr'>messis.</span> 
     </span>
     <span class='ocr_line' id='line_1_18' title="bbox 135 2971 890 3109; baseline -0.003 -24"><span class='ocrx_word' id='word_1_73' title='bbox 135 3011 238 3102; x_wconf 85' lang='lat' dir='ltr'>Quin</span> <span class='ocrx_word' id='word_1_74' title='bbox 256 3011 398 3086; x_wconf 80' lang='lat' dir='ltr'>cernis?</span> <span class='ocrx_word' id='word_1_75' title='bbox 424 3022 466 3084; x_wconf 86' lang='lat' dir='ltr'>ut</span> <span class='ocrx_word' id='word_1_76' title='bbox 482 3024 521 3084; x_wconf 82' lang='lat' dir='ltr'>¹se</span> <span class='ocrx_word' id='word_1_77' title='bbox 540 2971 671 3109; x_wconf 84' lang='lat' dir='ltr'>sponte</span> <span class='ocrx_word' id='word_1_78' title='bbox 689 3012 753 3083; x_wconf 73' lang='lat' dir='ltr'>sut</span> <span class='ocrx_word' id='word_1_79' title='bbox 772 3008 890 3083; x_wconf 86' lang='lat' dir='ltr'>Indiae</span> 
     </span>
     <span class='ocr_line' id='line_1_19' title="bbox 135 3157 823 3257; baseline -0.009 -22"><span class='ocrx_word' id='word_1_80' title='bbox 135 3158 300 3236; x_wconf 92' lang='lat' dir='ltr'>Colonus</span> <span class='ocrx_word' id='word_1_81' title='bbox 318 3157 433 3257; x_wconf 87' lang='lat' dir='ltr'>angit,</span> <span class='ocrx_word' id='word_1_82' title='bbox 462 3169 593 3256; x_wconf 89' lang='lat' dir='ltr'>sponte</span> <span class='ocrx_word' id='word_1_83' title='bbox 611 3160 676 3231; x_wconf 70' lang='lat' dir='ltr'>sud</span> <span class='ocrx_word' id='word_1_84' title='bbox 692 3181 823 3231; x_wconf 90' lang='lat' dir='ltr'>necem</span> 
     </span>
     <span class='ocr_line' id='line_1_20' title="bbox 105 3264 769 3402; baseline -0.002 -23"><span class='ocrx_word' id='word_1_85' title='bbox 105 3353 108 3359; x_wconf 93' lang='lat'><em>-</em></span> <span class='ocrx_word' id='word_1_86' title='bbox 183 3305 385 3402; x_wconf 88' lang='lat' dir='ltr'>Excogitat</span> <span class='ocrx_word' id='word_1_87' title='bbox 401 3303 552 3392; x_wconf 87' lang='lat' dir='ltr'>lentam,</span> <span class='ocrx_word' id='word_1_88' title='bbox 580 3316 618 3377; x_wconf 89' lang='lat' dir='ltr'>ct</span> <span class='ocrx_word' id='word_1_89' title='bbox 635 3264 769 3402; x_wconf 84' lang='lat' dir='ltr'>fatigat</span> 
     </span>
     <span class='ocr_line' id='line_1_21' title="bbox 92 3427 834 3553; baseline -0.005 -27"><span class='ocrx_word' id='word_1_90' title='bbox 92 3427 100 3431; x_wconf 26' lang='lat'><strong>⁸</strong></span> <span class='ocrx_word' id='word_1_91' title='bbox 233 3453 386 3552; x_wconf 85' lang='lat' dir='ltr'>Frigore</span> <span class='ocrx_word' id='word_1_92' title='bbox 405 3451 668 3553; x_wconf 88' lang='lat' dir='ltr'>suppliciisque</span> <span class='ocrx_word' id='word_1_93' title='bbox 686 3449 834 3549; x_wconf 89' lang='lat' dir='ltr'>corpus!</span> 
     </span>
     <span class='ocr_line' id='line_1_22' title="bbox 131 3596 770 3698; baseline -0.006 -22"><span class='ocrx_word' id='word_1_94' title='bbox 131 3599 287 3676; x_wconf 82' lang='lat' dir='ltr'>Cernis?</span> <span class='ocrx_word' id='word_1_95' title='bbox 311 3598 452 3674; x_wconf 88' lang='lat' dir='ltr'>feraces</span> <span class='ocrx_word' id='word_1_96' title='bbox 469 3609 513 3670; x_wconf 89' lang='lat' dir='ltr'>ut</span> <span class='ocrx_word' id='word_1_97' title='bbox 530 3597 644 3698; x_wconf 86' lang='lat' dir='ltr'>Syriae</span> <span class='ocrx_word' id='word_1_98' title='bbox 660 3596 770 3672; x_wconf 77' lang='lat' dir='ltr'>ferox</span> 
     </span>
     <span class='ocr_line' id='line_1_23' title="bbox 82 3748 720 3836; baseline -0.008 -9"><span class='ocrx_word' id='word_1_99' title='bbox 82 3786 85 3791; x_wconf 83' lang='lat'><strong>·</strong></span> <span class='ocrx_word' id='word_1_100' title='bbox 134 3749 306 3827; x_wconf 86' lang='lat' dir='ltr'>Vastavit</span> <span class='ocrx_word' id='word_1_101' title='bbox 322 3773 416 3836; x_wconf 90' lang='lat' dir='ltr'>oras,</span> <span class='ocrx_word' id='word_1_102' title='bbox 435 3760 478 3822; x_wconf 85' lang='lat' dir='ltr'>ut</span> <span class='ocrx_word' id='word_1_103' title='bbox 494 3748 720 3823; x_wconf 84' lang='lat' dir='ltr'>miserabiles</span> 
     </span>
     <span class='ocr_line' id='line_1_24' title="bbox 36 3893 904 3997; baseline -0.007 -26"><span class='ocrx_word' id='word_1_104' title='bbox 36 3922 41 3930; x_wconf 92' lang='lat'>·</span> <span class='ocrx_word' id='word_1_105' title='bbox 182 3895 293 3979; x_wconf 86' lang='lat' dir='ltr'>Ultor</span> <span class='ocrx_word' id='word_1_106' title='bbox 311 3893 560 3997; x_wconf 88' lang='lat' dir='ltr'>Mahumedas</span> <span class='ocrx_word' id='word_1_107' title='bbox 574 3918 641 3993; x_wconf 92' lang='lat' dir='ltr'>per</span> <span class='ocrx_word' id='word_1_108' title='bbox 657 3895 779 3979; x_wconf 91' lang='lat' dir='ltr'>urbes,</span> <span class='ocrx_word' id='word_1_109' title='bbox 901 3894 904 3901; x_wconf 81' lang='lat'>&#39;</span> 
     </span>
    </p>
   </div>
   <div class='ocr_carea' id='block_1_3' title="bbox 232 4037 845 4144">
    <p class='ocr_par' dir='ltr' id='par_1_3' title="bbox 232 4037 845 4144">
     <span class='ocr_line' id='line_1_25' title="bbox 232 4037 845 4144; baseline -0.013 -24"><span class='ocrx_word' id='word_1_110' title='bbox 232 4043 303 4120; x_wconf 88' lang='lat' dir='ltr'>Per</span> <span class='ocrx_word' id='word_1_111' title='bbox 319 4039 477 4144; x_wconf 92' lang='lat' dir='ltr'>populos</span> <span class='ocrx_word' id='word_1_112' title='bbox 493 4037 572 4116; x_wconf 83' lang='lat' dir='ltr'>fera</span> <span class='ocrx_word' id='word_1_113' title='bbox 589 4040 717 4142; x_wconf 81' lang='lat' dir='ltr'>adegit</span> <span class='ocrx_word' id='word_1_114' title='bbox 734 4063 845 4114; x_wconf 79' lang='lat' dir='ltr'>arma</span> 
     </span>
    </p>
   </div>
   <div class='ocr_carea' id='block_1_4' title="bbox 1126 1968 1185 2040">
    <p class='ocr_par' dir='ltr' id='par_1_4' title="bbox 1126 1968 1185 2040">
     <span class='ocr_line' id='line_1_26' title="bbox 1126 1968 1185 2040; baseline -0.017 -50"><span class='ocrx_word' id='word_1_115' title='bbox 1126 1968 1185 2040; x_wconf 68' lang='lat' dir='ltr'>a·</span> 
     </span>
    </p>
   </div>
   <div class='ocr_carea' id='block_1_5' title="bbox 0 0 1328 4868">
    <p class='ocr_par' dir='ltr' id='par_1_5' title="bbox 0 0 1328 4868">
     <span class='ocr_line' id='line_1_27' title="bbox 0 0 1328 4868; baseline 0 0"><span class='ocrx_word' id='word_1_116' title='bbox 0 0 1328 4868; x_wconf 95' lang='lat' dir='ltr'> </span> 
     </span>
    </p>
   </div>
  </div>
 </body>
</html>
