2648 4868
127 429 186 513 96
448 447 580 507 uusrc
609 446 867 504 uroususrrs.
985 441 993 451 ·

345 755 460 833 niglam
472 751 614 817 Γαλοῖτειαν
625 759 683 823 ἴσως
696 757 740 815 καὶ
754 757 864 815 namin?
876 753 969 815 ἄλλων.
1131 812 1134 819 ,

135 859 268 946 Boggust.
999 885 1027 924 A.
1043 886 1073 926 n.
1092 872 1172 945 1784.

548 1019 750 1055 Q

133 1207 244 1312 Vrum
262 1218 367 1305 parte
386 1219 488 1282 caret
505 1209 682 1295 beatiore,

137 1358 261 1446 Quem
279 1381 470 1454 nunquam
486 1359 597 1456 petiit
613 1357 706 1432 levis
724 1357 885 1458 Cupido,
900 1384 918 1425 z.

72 1537 76 1543 ⁴
134 1503 218 1580 Nec
237 1504 365 1579 dulces
384 1504 515 1580 docuit
531 1507 610 1604 pati
627 1504 779 1581 furores.
825 1565 828 1570 ,

137 1655 240 1743 Quin
258 1665 296 1728 et
313 1651 454 1728 ferreus
468 1653 544 1741 ille,
572 1680 751 1730 saxeusve

12 1883 16 1890 ,
137 1803 298 1878 Dicetur
315 1803 461 1891 meritc,
488 1829 559 1879 nec
575 1803 811 1889 invidenduS,

136 1952 362 2052 Quicunque
380 1954 572 2031 illecebras
590 1954 700 2064 nimis
718 1978 846 2030 seuero

136 2100 254 2176 Sensu
271 2101 415 2200 rejiciet
432 2104 610 2201 gravique
628 2101 765 2175 fronte.

137 2250 204 2324 Me
223 2251 345 2346 tangit
355 2244 463 2323 'variet
480 2250 586 2324 Deus
604 2250 758 2348 sagittt3

136 2398 333 2472 Diversam
352 2409 389 2472 et
406 2398 499 2496 petii
516 2396 632 2495 fugax
650 2410 793 2471 amator

138 2546 235 2621 Cum
253 2546 372 2620 Lunae
389 2545 487 2621 facie
503 2547 600 2619 novi
615 2544 789 2644 puellam.

5 2793 10 2802 Ι
137 2695 235 2771 Nam
253 2704 311 2771 tot
327 2693 530 2781 blanditiae,
557 2704 616 2768 tot
632 2693 829 2782 illecebrae,

137 2842 188 2918 Et
204 2843 309 2930 risus,
338 2840 511 2940 oculique
528 2864 602 2913 vox
619 2839 798 2937 loquacis,

137 2992 188 3065 Et
206 2990 292 3064 colli
309 2991 459 3062 niveum
479 2989 593 3061 decus
612 2987 798 3087 colorque,

104 3193 107 3202 .
138 3137 354 3236 Motusque,
382 3146 448 3210 aut
464 3135 612 3210 habitus
629 3135 749 3235 figura
765 3136 907 3224 mundi,

138 3279 279 3354 Totum
297 3307 356 3355 me
375 3282 613 3379 capiuntque,
642 3279 939 3378 distrahuntque.

137 3429 225 3505 Urit
242 3427 469 3527 simplicitas,
497 3429 690 3529 pudorque
709 3429 901 3528 Daphnes,

138 3578 235 3665 Quae
251 3602 311 3650 me
327 3577 504 3676 surripuit
522 3576 623 3664 mihi,
651 3576 848 3676 levemque

138 3688 309 3800 Paullum
327 3724 505 3800 dedocuit
522 3726 800 3824 procacitatem.

137 3871 337 3973 Captivum
356 3874 523 3948 edomuit
539 3873 646 3947 ferox
664 3873 884 3967 Thalestris

13 4042 25 4067 ·
138 4021 325 4124 Saevisque
343 4022 543 4098 attonitum
562 4021 672 4096 minis
689 4021 855 4119 regebat.
