2648 4868
149 416 233 505 253
469 440 602 497 uusu
631 438 891 501 nuonuusus.

48 640 52 647 “
146 630 235 706 Non
260 653 327 728 per
352 629 509 703 barbara
532 628 662 718 lustra,
687 629 913 729 famemque,
941 638 983 703 et
1009 626 1148 730 frigus
1171 640 1201 704 el

294 790 441 867 aestum,

198 927 316 1000 Anna
331 952 414 1026 per,
440 939 478 1002 et
496 928 631 1016 eaedes,
658 928 885 1026 insidiasque
903 926 1025 1015 necis,

146 1072 274 1174 Usque
291 1073 366 1174 piae
381 1074 507 1152 studio
523 1073 696 1152 famulari
713 1089 753 1153 et
770 1101 925 1151 munere
944 1102 1069 1169 curae,

192 1222 390 1298 Lassatum
406 1225 608 1324 et'gremio
625 1227 877 1326 composuisse
896 1238 1038 1326 eaput:

146 1371 311 1447 Passurae
328 1374 554 1472 spectandus
572 1398 677 1449 amor
692 1374 885 1475 graviora3
911 1374 1053 1451 rebelli
1159 1384 1199 1451 2⁵

195 1520 364 1596 Vulnera
380 1524 551 1622 captivus
568 1522 674 1622 luget
691 1523 816 1597 inusta
832 1546 968 1597 manu:

145 1673 217 1746 Per
227 1671 372 1746 tristem
382 1668 561 1770 pluviam,
572 1670 1065 1771 tenebrasque,hostesque,
1074 1673 1196 1749 biremi

194 1824 325 1898 Lintre
341 1822 565 1925 paludosum
583 1823 737 1921 navigat
753 1820 817 1894 illa
831 1820 977 1913 lacum
1095 1860 1101 1871 ·

145 1972 276 2047 Audet
293 1997 333 2047 se
350 1971 465 2048 solam
483 1972 677 2047 nocturnis
695 1971 848 2047 credere
864 1940 1014 2061 eastris,

194 2122 469 2223 Crudelemque
487 2148 629 2197 moram
646 2121 721 2198 fert
738 2122 972 2223 vigilumque
987 2126 1130 2203 minos.
1153 2131 1197 2203 ol

144 2271 260 2346 Mane
277 2269 686 2370 expectantineglecta
701 2268 978 2347 immitiusurit

192 2420 367 2497 Membra
382 2390 483 2517 gelu,
510 2419 678 2518 trepidos
694 2417 797 2493 mille
813 2417 956 2518 pericla
973 2420 1098 2497 sinus.
1160 2452 1165 2465 ·

143 2568 312 2647 Hostiles
327 2567 469 2643 ambire
487 2566 602 2643 duces
618 2565 809 2666 dignatur,
834 2578 875 2641 et
890 2590 993 2659 unae,

192 2719 229 2795 Si
246 2717 360 2795 liceat
376 2716 505 2793 comiti
523 2716 681 2793 carceris
698 2740 790 2804 esse,
814 2738 966 2814 preces3

143 2867 323 2967 AEgrotos
340 2878 384 2941 ut
400 2890 526 2941 amore
543 2866 700 2952 animos,
725 2878 766 2941 et
782 2864 956 2965 conjugis
972 2894 1077 2947 uxor
1147 2874 1190 2953 86

192 3014 328 3089 Leniat
343 3014 425 3111 ipsa
441 3014 508 3087 sui
523 3012 678 3089 vulnere
693 3012 774 3089 fote
790 3037 916 3089 manu.
