2648 4868
147 450 236 533 ἔω.
468 475 599 531 noem
628 472 886 531 promouere.

149 659 210 735 At.
220 682 298 748 vos,
326 658 390 758 qui
409 658 568 733 Veneris
584 657 707 735 facem
724 656 763 731 in
781 656 965 735 medullas

148 801 336 887 Hausistis
352 810 614 913 placidamque
631 824 894 913 mutuamque3

146 961 225 1038 Vos
243 965 349 1060 (nam
366 959 521 1036 noscitis
538 959 707 1058 inquieta
724 961 816 1059 quid
832 962 880 1038 sit

145 1113 294 1209 Febris)
310 1114 466 1214 percite,
493 1113 523 1189 si
541 1113 680 1199 doloris
697 1112 843 1213 angor,¹

144 1262 183 1341 si
201 1262 426 1341 desiderium
444 1261 580 1362 puellae
597 1273 743 1350 amatae,
849 1246 854 1252 ’

145 1405 196 1490 Et
213 1436 281 1514 spe
297 1436 400 1489 cassa
416 1411 519 1498 fides,
548 1410 604 1486 sui
621 1411 869 1511 impotentem

144 1553 190 1629 In
209 1553 332 1630 dinam
349 1552 497 1628 facinus
514 1577 721 1652 necemque
740 1552 879 1653 adegit

146 1700 295 1803 Injussu
312 1699 376 1777 ille
394 1701 469 1776 Dei
488 1701 613 1798 (Deus
631 1701 695 1776 sed
714 1727 811 1776 unus

143 1850 245 1926 vite
261 1861 317 1926 est
335 1849 488 1940 arbiter,
513 1849 726 1948 arbiterque
744 1850 894 1947 mortis)

142 2001 189 2078 Se
207 2001 368 2077 detrusit
383 2000 422 2075 in
440 2001 559 2075 otium
576 1999 750 2098 sepulcri,

142 2147 247 2224 Heu!
276 2173 387 2223 ausus
402 2148 552 2248 proprie
568 2149 689 2247 perire
707 2149 853 2224 dextra.

140 2301 278 2400 Tuque
294 2326 330 2389 o,
357 2300 526 2400 simplice
543 2325 627 2399 quae
644 2301 791 2399 sepulta
807 2303 918 2377 busto

139 2444 305 2537 Dormis,
331 2450 477 2536 umbra,
503 2461 580 2524 tuae
597 2449 795 2525 immemor
812 2448 960 2549 puellae,

139 2597 233 2674 Esto
250 2599 395 2674 sancta!
421 2622 493 2674 nec
509 2598 649 2674 inscius
667 2598 851 2689 dolorum,
951 2571 956 2582 ⁸

138 2748 357 2850 Supremam
373 2746 541 2825 invideat
559 2748 700 2848 soporis
718 2748 861 2837 horam,

138 2896 374 2997 Insultetque
391 2895 523 2971 humili
539 2922 634 2996 puer
651 2901 834 2998 sepulcro.

137 3046 255 3145 Quid,
282 3045 384 3147 qudd
399 3046 573 3145 reliquias
590 3059 675 3123 tuas
692 3048 811 3124 fidelis

54 3184 68 3209 '
137 3182 323 3296 insculpti
339 3195 442 3270 haud
458 3194 560 3270 tituli
577 3207 759 3295 notatque
776 3199 960 3272 marmor?

103 3338 105 3349 ’
135 3347 240 3437 Quid
257 3345 359 3447 quod
376 3345 527 3446 Religio
543 3372 673 3423 severa
688 3359 865 3423 moestum

82 3548 84 3552 »
136 3497 306 3572 Damnat
321 3495 477 3571 vulnus?
502 3509 543 3571 at
558 3484 640 3596 ipsa
656 3495 857 3596 deprecate

81 3657 85 3668 '
136 3645 237 3722 Iram
253 3645 430 3732 numinis,
456 3645 676 3721 imminente
689 3651 817 3746 poena,
926 3672 931 3679 ·

135 3792 270 3891 Qrabit
287 3794 449 3883 veniam,
474 3794 621 3894 tibique
635 3794 827 3870 inustam..
901 3816 905 3822 ·
942 3818 1030 3863 μ’·
1056 3822 1088 3867 ;--.

132 3880 289 4023 delebit
303 3938 649 4044 lacrymdcadente
662 3943 806 4021 lahem.
996 3970 1027 4038 ενς
1138 3990 1141 3995 -
