2648 4868
153 452 236 537 lot
461 476 595 535 rausa
622 476 878 575 aroupusas.

152 660 299 738 Siccine
314 657 476 735 lucidius
493 659 652 736 radiabit
668 659 795 760 fulgur
812 659 933 749 ocelli,

202 809 307 884 Arsit
323 809 531 886 inextincta
548 808 612 909 qui
628 808 730 907 prius
747 808 827 908 ipse
843 806 947 884 face?

152 954 217 1032 An
229 954 363 1032 melius
380 967 552 1057 penetret
569 956 693 1061 cuspis
709 956 895 1033 medicata
910 980 1059 1033 veneno
1179 1012 1187 1036 i

203 1103 326 1205 (Ante
344 1105 453 1180 nimis
470 1105 605 1180 vulnus
621 1106 736 1204 ligere
752 1105 884 1202 docta)
901 1105 1003 1180 sinus
1011 1113 1035 1178 Ρ-

40 1240 48 1261 ”
155 1252 249 1329 Siste
264 1252 429 1329 Corinna
442 1218 612 1346 manum3
627 1253 738 1331 laesus
751 1252 852 1357 fugit
868 1253 947 1371 ipse
962 1252 1135 1357 Cupido:
1150 1262 1194 1330 25

205 1400 266 1475 Ne
283 1413 443 1478 temeres
460 1402 663 1491 dominam,
689 1388 777 1479 siste
796 1401 962 1478 Corinna
978 1426 1148 1477 manum.

156 1549 306 1650 Quippe
323 1549 403 1641 fero
420 1561 526 1627 tactu
543 1550 635 1661 levis
652 1546 776 1627 avolat
792 1549 875 1661 ille;
906 1548 1099 1665 doletque,

204 1697 417 1797 Ingenuum
436 1698 521 1774 colli
540 1697 570 1773 si
587 1682 747 1774 violetur
763 1700 873 1811 ebur.¹
937 1808 941 1813 η

140 1831 226 1922 'Ille
241 1872 356 1947 vagos
371 1847 541 1948 gaudens
556 1847 655 1923 inter
671 1847 801 1923 lusisse
819 1845 985 1948 capillos,

204 1992 355 2072 Militiae
371 1997 454 2073 haec
472 2006 595 2072 servat
612 1994 738 2071 dulcia
754 2005 875 2071 castra
892 2018 982 2070 suae.
1149 2000 1196 2068 30

158 2142 214 2221 At
226 2142 366 2220 famula
381 2157 425 2221 ut
441 2145 574 2246 longos
592 2122 780 2224 ornaverit
795 2157 875 2223 arte
890 2145 1050 2234 labores,
1180 2228 1184 2235 ,

90 2328 93 2333 ·
208 2260 316 2369 lieu!
340 2292 452 2368 toties
469 2304 579 2369 tortae
597 2294 819 2395 displicuere
837 2320 965 2372 comae.

158 2442 254 2517 Inde
267 2466 411 2531 manus,
423 2442 573 2533 collum,
589 2444 733 2536 dentes,
744 2443 886 2543 lingua,
898 2441 1025 2519 omnia
1034 2441 1196 2531 sordent,

207 2590 322 2667 Nulla
337 2591 439 2694 prius
456 2590 599 2669 miseris
616 2591 722 2668 irrita
737 2592 813 2668 tela
828 2592 963 2693 procis.

160 2744 262 2833 Quin
280 2743 434 2820 tandem
451 2750 509 2820 ars
527 2757 648 2821 cesset
664 2745 781 2820 nim-io
797 2744 994 2821 temeraria
1010 2742 1121 2821 cultu
1153 2748 1196 2823 3⁵
1229 2710 1235 2752 ³

207 2891 376 2966 Fecundi
391 2891 585 2989 ingenium
603 2890 875 2969 commaculare
892 2889 975 2967 soli.

160 3038 224 3112 Sat
240 3006 338 3112 nitet
354 3037 434 3135 ipsa
450 3062 518 3112 suo
536 3037 670 3113 decore
687 3039 872 3147 illustrata
886 3051 1080 3133 venustas,

164 3242 167 3247 .
207 3183 259 3260 Et
274 3209 370 3260 vana
384 3188 535 3260 ornatus
553 3187 694 3285 spernit
710 3186 904 3263 adulteria.

160 3333 368 3410 Adstnrere
384 3333 473 3412 huic
490 3334 589 3412 ultra
601 3362 743 3426 caveas,
762 3362 845 3413 mea
858 3336 1035 3436 Cynthia,
1053 3334 1200 3451 laudari

207 3484 303 3578 Nec,
329 3485 361 3560 si
377 3487 431 3576 Di
449 3485 633 3576 dederint,
659 3498 698 3563 te
715 3511 889 3586 superare
905 3486 1010 3564 velis.
1135 3496 1201 3597 'tc

160 3632 268 3708 Mille
287 3632 515 3737 Cupidineas
530 3636 652 3713 vibres
668 3635 747 3711 sine
764 3634 896 3712 fraude
913 3636 1085 3736 sagittas,
1134 3652 1137 3657 '
1180 3705 1184 3709 .

208 3782 260 3859 Et
274 3781 393 3862 facilis
409 3785 561 3888 proprio
577 3797 696 3863 marte
713 3785 925 3889 triumphus
941 3798 1016 3897 eat,
1132 3822 1153 3893 Ι·
1191 3900 1195 3907 .
