2648 4868
370 497 501 561 uuam
530 497 789 556 aronensem.
1037 474 1116 553 183
1158 496 1160 499 ’

71 680 108 758 Ο
125 681 283 757 tandem
296 679 356 757 hae
367 683 518 760 valeant
529 708 663 783 nugae;
682 684 773 782 quid
786 682 915 782 inepta
927 706 1117 764 moramur
1203 746 1206 754 .

61 829 248 922 Somnia?
272 828 413 928 quidsi
429 814 542 932 rupta
556 831 645 932 polo
661 831 835 907 cecidere
853 855 986 907 sereno
1023 891 1028 896 -
1069 839 1116 918 71

69 976 256 1076 Fulgura*
274 978 305 1052 si
322 978 433 1055 vultu
449 980 587 1056 ooelum
606 980 763 1057 Boreale
779 981 954 1057 rubescat

67 1092 698 1230 Sanguineo‚ardentemquefluens
706 1154 820 1229 vapor
828 1128 969 1203 ambiat
983 1126 1163 1203 aethram?

30 1255 37 1271 ⁴
70 1274 161 1358 Non
179 1275 265 1351 ideo
281 1275 505 1376 populorum
522 1277 603 1353 istis
621 1298 846 1361 concurrere
863 1277 979 1377 signis
1085 1335 1088 1341 .

69 1420 191 1506 Arma
202 1422 306 1499 vides
319 1450 494 1518 accensa;
513 1450 636 1525 neque
650 1425 740 1507 hine
754 1425 891 1502 devota
902 1424 1053 1525 tyranni
1069 1429 1119 1513 76

71 1569 180 1647 Colla
195 1583 380 1659 tremant;
407 1574 508 1651 soliti
523 1599 600 1657 non
619 1585 739 1650 cesset
759 1600 912 1674 carpere
929 1573 1040 1649 luxus

70 1717 235 1806 Gaudia,
262 1720 492 1820 Serranoque
511 1733 633 1805 metus
652 1735 857 1821 componat
870 1723 910 1798 in
928 1736 1040 1801 ostro.

24 1950 30 1958 J
72 1867 178 1957 Quid
194 1867 428 1970 ferrugineos
445 1868 613 1967 paullum
631 1869 661 1942 si
678 1868 790 1947 Luna
807 1872 960 1950 rubores

70 2014 258 2103 Induerit,
285 2014 495 2105 Phoebupve
511 2015 630 2103 oculis
648 2016 870 2105 subduxerit
886 2019 1015 2095 orbem
1089 2086 1092 2091 .

68 2163 183 2239 Nube
200 2162 431 2250 laborantem
447 2165 566 2263 picei,
592 2164 714 2241 lateue
732 2170 887 2241 cruenti
1019 2203 1022 2207 >
1069 2171 1120 2241 80

70 2313 233 2403 Caesarie
250 2313 349 2414 rapti
365 2324 537 2397 arserunt
552 2339 620 2413 per
636 2315 748 2397 inane
766 2323 946 2393 cometae?
1110 2274 1114 2283 Ι

72 2463 204 2541 Servat
220 2461 344 2547 adhue
361 2472 495 2538 natura
511 2462 624 2550 vicen,
653 2463 837 2564 solitoque
854 2476 1053 2545 recurrunt

73 2611 264 2711 Tempore
278 2610 453 2699 circuitu,
480 2611 627 2706 magnis
644 2635 767 2715 neque
783 2624 883 2686 terra
899 2612 1082 2694 dehiscit,
1144 2581 1147 2585 i

75 2758 258 2847 Motibus,
285 2770 351 2846 aut
367 2757 469 2858 rupti
485 2782 616 2832 casura
633 2769 690 2833 est
707 2757 848 2843 fabrica
865 2760 1009 2865 mundi.

124 2907 227 3008 Ergo
243 2907 409 2983 animum
426 2906 599 3007 intendas
612 2932 713 2996 uero,
742 2932 941 3006 rerumque
958 2907 1124 2996 latentes¹

74 3055 212 3146 Quaere
228 3056 347 3135 oculis
364 3070 512 3148 ,oausas3
539 3055 644 3145 felix,
663 3058 729 3156 qui
745 3058 881 3157 poeula
898 3057 1003 3133 fonte
1069 3057 1119 3132 86

75 3205 138 3281 De
156 3205 315 3305 Sophiae,
342 3205 418 3305 qui,
446 3204 519 3292 dia,
546 3216 632 3279 tuos
648 3204 821 3280 libaverit
836 3205 1002 3294 haustus,

76 3354 242 3453 Religio!
268 3352 508 3453 nequeenim
526 3364 717 3427 exterrent
734 3319 1091 3430 simulacracerebri

76 3503 214 3612 Irrita5
239 3528 311 3580 nec
327 3506 446 3590 vacua
461 3499 602 3615 refugit
617 3498 816 3575 formidine
834 3512 967 3599 pectus

39 3725 45 3731 ,
77 3650 271 3728 Solicitum
278 3682 291 3735 ,-
305 3652 410 3737 dum,
424 3675 559 3749 magne
573 3649 690 3736 Deus,
706 3660 772 3724 tua
784 3649 941 3748 provida
954 3661 1058 3729 certo
1071 3658 1121 3734 90

78 3798 182 3877 Cura
198 3801 295 3899 regit
312 3799 495 3881 mundum
509 3799 683 3899 imperi03
700 3811 787 3875 tuus
805 3812 903 3883 astra
916 3801 1119 3900 polumque

77 3946 129 4055 Et
145 3948 274 4036 terras,
302 3949 413 4023 variis
430 3960 517 4023 tuus
535 3972 674 4023 annum
692 3959 877 4048 temperat
894 3950 993 4026 horis

77 4093 246 4194 Spiritus,
274 4106 387 4196 atque
404 4095 511 4183 almis
527 4097 790 4196 complectitur
808 4099 933 4215 omnip
949 4096 1093 4214 pennia.
