2648 4868
454 444 585 525 mtrem
620 444 877 499 nrounusns.
1106 415 1184 510 113

140 635 303 714 Volvere
320 644 498 711 montano
516 634 562 708 de
579 635 737 711 vertice:
763 648 863 710 terra
879 633 1038 710 dehiscit
1094 624 1103 685 '.

140 768 358 875 Visceribus
376 787 554 864 convulsa
570 788 663 863 suis:
685 808 750 857 vos
768 796 875 856 torva
891 781 1071 857 micantes
1088 777 1093 791 '

138 935 313 1014 Heclaeos
331 937 454 1037 apices
471 945 625 1035 propter
641 955 825 1030 rupesque
842 930 980 1004 Vesevi
1064 990 1083 1011 .,

138 1085 354 1160 Pumiceam
371 1081 478 1156 ruitis
496 1079 667 1180 flagranti
685 1080 705 1152 ὲ
722 1090 849 1153 monte
866 1073 1042 1156 favillam.

188 1229 300 1305 Unde
313 1252 420 1303 novae
430 1227 613 1303 bellorum
625 1234 745 1302 artes?
762 1224 875 1302 Unde
888 1249 996 1325 arcus
1007 1235 1048 1330 'et
1061 1223 1178 1298 hastae

138 1375 324 1473 Neglecta
341 1375 498 1449 haerenti
515 1373 666 1449 sordent
683 1346 877 1473 rubigine?
901 1371 1081 1480 Vestrum
1106 1396 1110 1487 ζ
1131 1375 1203 1444 26.
1254 1422 1257 1434 .

140 1520 228 1597 Hoc
246 1547 339 1622 opus
357 1532 424 1609 est,
454 1519 584 1608 Genii;
610 1522 741 1597 vestris
761 1521 870 1617 Mars·
881 1494 1000 1596 utitur
1017 1486 1138 1594 armis.

103 1758 106 1763 ι
139 1668 228 1743 Non
245 1667 331 1743 ideo
347 1678 493 1775 premet
510 1668 697 1743 imbellem
714 1668 770 1741 vis
787 1627 1138 1766 improbo-vulgum,
1225 1709 1230 1719 ·

139 1809 292 1890 Robore
311 1839 490 1915 corporeo
508 1788 713 1915 ualidisque
730 1814 871 1888 invicta
887 1811 1051 1888 lacertis:

142 1961 296 2060 Quippe
308 1961 528 2035 omneshaec
541 1986 642 2034 arma
649 1959 802 2059 juvant:
818 1985 893 2034 non
906 1985 1002 2034 unus
1014 1959 1181 2035 Achilles

138 2122 313 2196 Palantes
331 2121 453 2196 victor
469 2123 626 2222 posthae
644 2136 731 2225 aget
749 2149 837 2199 ense
855 2135 1033 2199 catervas.
1132 2100 1178 2198 3‘i

135 2271 348 2370 Lignorum
367 2272 521 2360 cineres,
550 2271 715 2375 sulphur,
740 2273 953 2372 nitrumque
971 2283 1175 2353 recoctum.

138 2418 358 2493 Pulveream
376 2418 565 2494 intentant
582 2429 759 2494 mortem:
787 2420 862 2495 ruit
879 2418 943 2509 illa
958 2445 1026 2520 per
1042 2431 1165 2494 atrum

138 2564 321 2653 Exultans
339 2528 498 2652 fumum,
526 2566 723 2665 medioque
741 2569 909 2668 superbit
926 2567 965 2643 in
981 2568 1081 2665 igne.
1137 2602 1168 2671 J?
1203 2594 1206 2599 ·
1235 2572 1238 2576 ’

187 2711 285 2785 Pura
302 2710 497 2785 cicindelae
512 2723 636 2812 vestro
653 2711 717 2788 fax
736 2691 883 2813 mitigat
900 2715 1070 2804 umbram
1129 2720 1178 2791 35

138 2858 321 2959 Imperio;
348 2871 473 2941 vestro
492 2886 654 2937 crassum
673 2861 880 2939 searabaeus
898 2862 1045 2939 inaurat
1094 2943 1096 2948 ,
1159 2892 1163 2897 ·

138 3004 295 3111 Alarum
313 3018 478 3106 tegmen,
506 3007 692 3109 fulvisque
711 3021 882 3085 coruscat
898 3009 938 3084 in
955 3008 1078 3087 amnis.
1168 3090 1173 3097 .

136 3151 209 3226 Per
225 3177 290 3226 vos
308 3153 471 3228 innocuo
488 3154 611 3229 tenuis
629 3154 693 3228 vix
709 3153 850 3230 lumine
867 3155 983 3256 pallet
1102 3196 1105 3201 ·

138 3276 388 3398 Phosphorus,
418 3311 457 3375 et
473 3299 558 3375 lusu
575 3303 735 3413 volitans
753 3328 793 3379 se
809 3303 929 3403 pascit
945 3303 1064 3378 inani:

137 3448 304 3538 Perses,
332 3448 472 3545 furtivo
490 3475 563 3550 quo
580 3448 655 3524 late
672 3450 890 3525 accenditur
908 3463 980 3545 aer,
1129 3459 1195 3526 40'

140 3593 203 3679 Fit
221 3570 333 3681 ealor;
359 3595 455 3709 illiso
471 3597 558 3671 viva
577 3595 777 3671 scintillula
794 3620 883 3672 saxo

140 3741 312 3831 Elicitun
340 3709 529 3845 raptreque
547 3754 702 3843 crepant
719 3743 757 3817 in
775 3742 906 3819 fomite
923 3744 1092 3819 flammae.
1165 3780 1169 3789 ·

138 3888 302 3967 AEtherii
320 3891 456 3966 fluctus
474 3889 570 3990 ignis
588 3889 662 3987 (vis
680 3889 798 3965 didita
814 3890 969 3989 passim)

138 4037 278 4112 Diffusi
296 4064 467 4116 aurarum
485 4062 626 4114 oceano
642 4036 832 4123 labuntur,
860 4050 898 4113 et
915 4039 1011 4112 inter

193 4208 281 4259 von.
301 4210 347 4262 n..
673 4211 686 4258 r
