<?xml version="1.0" encoding="UTF-8"?>
<!DOCTYPE html PUBLIC "-//W3C//DTD XHTML 1.0 Transitional//EN"
    "http://www.w3.org/TR/xhtml1/DTD/xhtml1-transitional.dtd">
<html xmlns="http://www.w3.org/1999/xhtml" xml:lang="en" lang="en">
 <head>
  <title>
</title>
<meta http-equiv="Content-Type" content="text/html;charset=utf-8" />
  <meta name='ocr-system' content='tesseract 3.04.00' />
  <meta name='ocr-capabilities' content='ocr_page ocr_carea ocr_par ocr_line ocrx_word'/>
</head>
<body>
  <div class='ocr_page' id='page_1' title='image "./musetonensesseu01unkngoog_0300.png"; bbox 0 0 2648 4868; ppageno 0'>
   <div class='ocr_carea' id='block_1_1' title="bbox 376 441 1106 550">
    <p class='ocr_par' dir='ltr' id='par_1_1' title="bbox 376 441 1106 550">
     <span class='ocr_line' id='line_1_1' title="bbox 376 441 1106 550; baseline 0.005 -7"><span class='ocrx_word' id='word_1_1' title='bbox 376 479 507 543; x_wconf 78' lang='lat' dir='ltr'><strong>unsre</strong></span> <span class='ocrx_word' id='word_1_2' title='bbox 537 487 796 550; x_wconf 47' lang='lat' dir='ltr'><strong>rrounususs</strong></span> <span class='ocrx_word' id='word_1_3' title='bbox 1024 441 1106 548; x_wconf 75' lang='grc'><strong>285</strong></span> 
     </span>
    </p>
   </div>
   <div class='ocr_carea' id='block_1_2' title="bbox 58 671 1056 791">
    <p class='ocr_par' dir='ltr' id='par_1_2' title="bbox 58 671 1056 791">
     <span class='ocr_line' id='line_1_2' title="bbox 58 671 1056 791; baseline 0.004 -44"><span class='ocrx_word' id='word_1_4' title='bbox 58 672 254 760; x_wconf 90' lang='lat' dir='ltr'><strong>Immotus,</strong></span> <span class='ocrx_word' id='word_1_5' title='bbox 274 671 499 772; x_wconf 82' lang='lat' dir='ltr'>fragilesque</span> <span class='ocrx_word' id='word_1_6' title='bbox 520 686 642 748; x_wconf 90' lang='lat' dir='ltr'><strong>metus</strong></span> <span class='ocrx_word' id='word_1_7' title='bbox 660 673 894 775; x_wconf 87' lang='lat' dir='ltr'><strong>humilesque</strong></span> <span class='ocrx_word' id='word_1_8' title='bbox 911 676 1056 791; x_wconf 74' lang='lat' dir='ltr'><strong>uidebis</strong></span> 
     </span>
    </p>
   </div>
   <div class='ocr_carea' id='block_1_3' title="bbox 59 799 934 937">
    <p class='ocr_par' dir='ltr' id='par_1_3' title="bbox 59 799 934 937">
     <span class='ocr_line' id='line_1_3' title="bbox 59 799 934 937; baseline -0.003 -38"><span class='ocrx_word' id='word_1_9' title='bbox 59 820 254 924; x_wconf 81' lang='lat' dir='ltr'><strong>Subjectas</strong></span> <span class='ocrx_word' id='word_1_10' title='bbox 270 799 429 920; x_wconf 83' lang='lat' dir='ltr'><strong>pedibus</strong></span> <span class='ocrx_word' id='word_1_11' title='bbox 447 847 544 921; x_wconf 77' lang='lat' dir='ltr'><strong>sper,</strong></span> <span class='ocrx_word' id='word_1_12' title='bbox 572 833 610 898; x_wconf 90' lang='lat' dir='ltr'><strong>et</strong></span> <span class='ocrx_word' id='word_1_13' title='bbox 626 824 818 937; x_wconf 87' lang='lat' dir='ltr'><strong>terrestria</strong></span> <span class='ocrx_word' id='word_1_14' title='bbox 833 835 934 899; x_wconf 89' lang='lat' dir='ltr'><strong>vota.</strong></span> 
     </span>
    </p>
   </div>
   <div class='ocr_carea' id='block_1_4' title="bbox 50 953 1193 3908">
    <p class='ocr_par' dir='ltr' id='par_1_4' title="bbox 56 953 874 1071">
     <span class='ocr_line' id='line_1_4' title="bbox 56 953 874 1071; baseline 0 -25"><span class='ocrx_word' id='word_1_15' title='bbox 56 969 143 1046; x_wconf 90' lang='lat' dir='ltr'><strong>Illic</strong></span> <span class='ocrx_word' id='word_1_16' title='bbox 160 968 305 1044; x_wconf 71' lang='lat' dir='ltr'><strong>solicita</strong></span> <span class='ocrx_word' id='word_1_17' title='bbox 322 994 484 1046; x_wconf 84' lang='lat' dir='ltr'><strong>vacuum</strong></span> <span class='ocrx_word' id='word_1_18' title='bbox 501 969 702 1045; x_wconf 88' lang='lat' dir='ltr'><strong>formidine</strong></span> <span class='ocrx_word' id='word_1_19' title='bbox 723 953 874 1071; x_wconf 77' lang='lat' dir='ltr'><strong>pectus·</strong></span> 
     </span>
    </p>

    <p class='ocr_par' dir='ltr' id='par_1_5' title="bbox 56 1114 946 1220">
     <span class='ocr_line' id='line_1_5' title="bbox 56 1114 946 1220; baseline 0.003 -27"><span class='ocrx_word' id='word_1_20' title='bbox 56 1118 255 1193; x_wconf 85' lang='lat' dir='ltr'><strong>Musarum</strong></span> <span class='ocrx_word' id='word_1_21' title='bbox 273 1130 312 1194; x_wconf 88' lang='lat' dir='ltr'><strong>et</strong></span> <span class='ocrx_word' id='word_1_22' title='bbox 329 1118 431 1194; x_wconf 93' lang='lat' dir='ltr'><strong>dulci</strong></span> <span class='ocrx_word' id='word_1_23' title='bbox 450 1119 589 1220; x_wconf 87' lang='lat' dir='ltr'><strong>sophiae</strong></span> <span class='ocrx_word' id='word_1_24' title='bbox 606 1114 790 1197; x_wconf 88' lang='lat' dir='ltr'><strong>mulcebis</strong></span> <span class='ocrx_word' id='word_1_25' title='bbox 808 1140 946 1209; x_wconf 88' lang='lat' dir='ltr'><strong>amore,</strong></span> 
     </span>
    </p>

    <p class='ocr_par' dir='ltr' id='par_1_6' title="bbox 55 1234 1106 1370">
     <span class='ocr_line' id='line_1_6' title="bbox 55 1234 1106 1370; baseline 0.002 -26"><span class='ocrx_word' id='word_1_26' title='bbox 55 1234 428 1366; x_wconf 48' lang='lat' dir='ltr'><strong>securamque‘coles</strong></span> <span class='ocrx_word' id='word_1_27' title='bbox 445 1271 562 1345; x_wconf 88' lang='lat' dir='ltr'><strong>tacita</strong></span> <span class='ocrx_word' id='word_1_28' title='bbox 578 1270 676 1346; x_wconf 89' lang='lat' dir='ltr'><strong>inter</strong></span> <span class='ocrx_word' id='word_1_29' title='bbox 694 1296 781 1346; x_wconf 88' lang='lat' dir='ltr'><strong>rura</strong></span> <span class='ocrx_word' id='word_1_30' title='bbox 799 1271 977 1370; x_wconf 79' lang='lat' dir='ltr'><strong>quietem.</strong></span> <span class='ocrx_word' id='word_1_31' title='bbox 1057 1279 1106 1346; x_wconf 69' lang='lat' dir='ltr'><strong>ab</strong></span> 
     </span>
    </p>

    <p class='ocr_par' dir='ltr' id='par_1_7' title="bbox 56 1392 1106 1641">
     <span class='ocr_line' id='line_1_7' title="bbox 56 1392 1106 1519; baseline 0.002 -27"><span class='ocrx_word' id='word_1_32' title='bbox 56 1417 133 1492; x_wconf 85' lang='lat' dir='ltr'><strong>Sed</strong></span> <span class='ocrx_word' id='word_1_33' title='bbox 162 1441 357 1493; x_wconf 89' lang='lat' dir='ltr'><strong>nemorum</strong></span> <span class='ocrx_word' id='word_1_34' title='bbox 389 1428 428 1493; x_wconf 94' lang='lat' dir='ltr'><strong>et</strong></span> <span class='ocrx_word' id='word_1_35' title='bbox 460 1418 635 1494; x_wconf 86' lang='lat' dir='ltr'><strong>silvarum</strong></span> <span class='ocrx_word' id='word_1_36' title='bbox 665 1421 827 1508; x_wconf 85' lang='lat' dir='ltr'><strong>umbras,</strong></span> <span class='ocrx_word' id='word_1_37' title='bbox 859 1432 898 1495; x_wconf 92' lang='lat' dir='ltr'><strong>et</strong></span> <span class='ocrx_word' id='word_1_38' title='bbox 926 1392 1106 1519; x_wconf 88' lang='lat' dir='ltr'><strong>quicquid</strong></span> 
     </span>
     <span class='ocr_line' id='line_1_8' title="bbox 208 1563 398 1641; baseline -0.005 0"><span class='ocrx_word' id='word_1_39' title='bbox 208 1563 398 1641; x_wconf 84' lang='lat' dir='ltr'><strong>amoenum</strong></span> 
     </span>
    </p>

    <p class='ocr_par' dir='ltr' id='par_1_8' title="bbox 57 1711 1099 1816">
     <span class='ocr_line' id='line_1_9' title="bbox 57 1711 1099 1816; baseline 0.006 -29"><span class='ocrx_word' id='word_1_40' title='bbox 57 1711 135 1788; x_wconf 90' lang='lat' dir='ltr'><strong>Rus</strong></span> <span class='ocrx_word' id='word_1_41' title='bbox 152 1725 306 1813; x_wconf 83' lang='lat' dir='ltr'><strong>praestat</strong></span> <span class='ocrx_word' id='word_1_42' title='bbox 321 1712 476 1811; x_wconf 86' lang='lat' dir='ltr'><strong>sophiae,</strong></span> <span class='ocrx_word' id='word_1_43' title='bbox 501 1714 622 1812; x_wconf 80' lang='lat' dir='ltr'>rapiet</span> <span class='ocrx_word' id='word_1_44' title='bbox 637 1715 769 1789; x_wconf 88' lang='lat' dir='ltr'><strong>bruma</strong></span> <span class='ocrx_word' id='word_1_45' title='bbox 785 1715 935 1791; x_wconf 90' lang='lat' dir='ltr'><strong>horrida</strong></span> <span class='ocrx_word' id='word_1_46' title='bbox 941 1747 953 1808; x_wconf 78' lang='lat'>3</span> <span class='ocrx_word' id='word_1_47' title='bbox 967 1731 1099 1816; x_wconf 83' lang='lat' dir='ltr'><strong>pectus</strong></span> 
     </span>
    </p>

    <p class='ocr_par' dir='ltr' id='par_1_9' title="bbox 57 1862 1029 1941">
     <span class='ocr_line' id='line_1_10' title="bbox 57 1862 1029 1941; baseline 0.003 -3"><span class='ocrx_word' id='word_1_48' title='bbox 57 1863 276 1938; x_wconf 85' lang='lat' dir='ltr'><strong>Humanam</strong></span> <span class='ocrx_word' id='word_1_49' title='bbox 293 1862 383 1937; x_wconf 90' lang='lat' dir='ltr'><strong>hinc</strong></span> <span class='ocrx_word' id='word_1_50' title='bbox 401 1862 534 1938; x_wconf 85' lang='lat' dir='ltr'><strong>suadet</strong></span> <span class='ocrx_word' id='word_1_51' title='bbox 551 1874 691 1938; x_wconf 78' lang='lat' dir='ltr'><strong>sortem</strong></span> <span class='ocrx_word' id='word_1_52' title='bbox 709 1863 923 1939; x_wconf 83' lang='lat' dir='ltr'><strong>meditarier</strong></span> <span class='ocrx_word' id='word_1_53' title='bbox 940 1869 1029 1941; x_wconf 91' lang='lat' dir='ltr'><strong>anni</strong></span> 
     </span>
    </p>

    <p class='ocr_par' dir='ltr' id='par_1_10' title="bbox 52 2010 1103 2111">
     <span class='ocr_line' id='line_1_11' title="bbox 52 2010 1103 2111; baseline 0.002 -23"><span class='ocrx_word' id='word_1_54' title='bbox 52 2011 220 2088; x_wconf 90' lang='lat' dir='ltr'><strong>Occidui</strong></span> <span class='ocrx_word' id='word_1_55' title='bbox 235 2010 461 2111; x_wconf 85' lang='lat' dir='ltr'><strong>exemplum,</strong></span> <span class='ocrx_word' id='word_1_56' title='bbox 478 2022 516 2087; x_wconf 89' lang='lat' dir='ltr'><strong>et</strong></span> <span class='ocrx_word' id='word_1_57' title='bbox 529 2011 674 2087; x_wconf 88' lang='lat' dir='ltr'><strong>tristem</strong></span> <span class='ocrx_word' id='word_1_58' title='bbox 688 2022 888 2110; x_wconf 88' lang='lat' dir='ltr'><strong>expectare</strong></span> <span class='ocrx_word' id='word_1_59' title='bbox 901 2025 1103 2091; x_wconf 85' lang='lat' dir='ltr'><strong>senectam.</strong></span> 
     </span>
    </p>

    <p class='ocr_par' dir='ltr' id='par_1_11' title="bbox 55 2160 1105 2261">
     <span class='ocr_line' id='line_1_12' title="bbox 55 2160 1105 2261; baseline 0.001 -24"><span class='ocrx_word' id='word_1_60' title='bbox 55 2163 197 2238; x_wconf 86' lang='lat' dir='ltr'><strong>Nonne</strong></span> <span class='ocrx_word' id='word_1_61' title='bbox 210 2160 329 2249; x_wconf 90' lang='lat' dir='ltr'><strong>vides,</strong></span> <span class='ocrx_word' id='word_1_62' title='bbox 344 2173 387 2236; x_wconf 90' lang='lat' dir='ltr'><strong>ut</strong></span> <span class='ocrx_word' id='word_1_63' title='bbox 405 2161 585 2237; x_wconf 92' lang='lat' dir='ltr'><strong>continuo</strong></span> <span class='ocrx_word' id='word_1_64' title='bbox 601 2160 715 2261; x_wconf 84' lang='lat' dir='ltr'><strong>lapsae</strong></span> <span class='ocrx_word' id='word_1_65' title='bbox 732 2160 863 2235; x_wconf 86' lang='lat' dir='ltr'><strong>ordine</strong></span> <span class='ocrx_word' id='word_1_66' title='bbox 876 2160 1030 2238; x_wconf 84' lang='lat' dir='ltr'><strong>frondes</strong></span> <span class='ocrx_word' id='word_1_67' title='bbox 1053 2170 1105 2237; x_wconf 78' lang='lat'><strong>30</strong></span> 
     </span>
    </p>

    <p class='ocr_par' dir='ltr' id='par_1_12' title="bbox 56 2308 937 2410">
     <span class='ocr_line' id='line_1_13' title="bbox 56 2308 937 2410; baseline 0 -25"><span class='ocrx_word' id='word_1_68' title='bbox 56 2309 195 2386; x_wconf 88' lang='lat' dir='ltr'><strong>Arenti</strong></span> <span class='ocrx_word' id='word_1_69' title='bbox 211 2308 402 2387; x_wconf 83' lang='lat' dir='ltr'><strong>infuscant</strong></span> <span class='ocrx_word' id='word_1_70' title='bbox 419 2336 557 2386; x_wconf 88' lang='lat' dir='ltr'><strong>vacuos</strong></span> <span class='ocrx_word' id='word_1_71' title='bbox 572 2309 757 2385; x_wconf 86' lang='lat' dir='ltr'><strong>velamine</strong></span> <span class='ocrx_word' id='word_1_72' title='bbox 767 2335 937 2410; x_wconf 87' lang='lat' dir='ltr'><strong>campos,</strong></span> 
     </span>
    </p>

    <p class='ocr_par' dir='ltr' id='par_1_13' title="bbox 56 2459 986 2559">
     <span class='ocr_line' id='line_1_14' title="bbox 56 2459 986 2559; baseline 0.005 -26"><span class='ocrx_word' id='word_1_73' title='bbox 56 2459 108 2535; x_wconf 88' lang='lat' dir='ltr'><strong>Et</strong></span> <span class='ocrx_word' id='word_1_74' title='bbox 125 2459 287 2544; x_wconf 84' lang='lat' dir='ltr'><strong>tremula</strong></span> <span class='ocrx_word' id='word_1_75' title='bbox 300 2462 340 2534; x_wconf 92' lang='lat' dir='ltr'><strong>in</strong></span> <span class='ocrx_word' id='word_1_76' title='bbox 355 2461 528 2537; x_wconf 87' lang='lat' dir='ltr'><strong>cumulos</strong></span> <span class='ocrx_word' id='word_1_77' title='bbox 545 2461 725 2559; x_wconf 87' lang='lat' dir='ltr'><strong>flaventes</strong></span> <span class='ocrx_word' id='word_1_78' title='bbox 743 2460 867 2535; x_wconf 87' lang='lat' dir='ltr'><strong>sibilat</strong></span> <span class='ocrx_word' id='word_1_79' title='bbox 883 2464 986 2538; x_wconf 90' lang='lat' dir='ltr'><strong>aura!</strong></span> 
     </span>
    </p>

    <p class='ocr_par' dir='ltr' id='par_1_14' title="bbox 50 2607 970 2707">
     <span class='ocr_line' id='line_1_15' title="bbox 50 2607 970 2707; baseline -0.003 -21"><span class='ocrx_word' id='word_1_80' title='bbox 50 2610 187 2707; x_wconf 80' lang='lat' dir='ltr'><strong>Atque</strong></span> <span class='ocrx_word' id='word_1_81' title='bbox 204 2620 248 2683; x_wconf 92' lang='lat' dir='ltr'><strong>ut</strong></span> <span class='ocrx_word' id='word_1_82' title='bbox 263 2608 449 2706; x_wconf 87' lang='lat' dir='ltr'><strong>praecipiti</strong></span> <span class='ocrx_word' id='word_1_83' title='bbox 466 2608 633 2681; x_wconf 87' lang='lat' dir='ltr'><strong>decussae</strong></span> <span class='ocrx_word' id='word_1_84' title='bbox 650 2607 800 2681; x_wconf 90' lang='lat' dir='ltr'><strong>turbine</strong></span> <span class='ocrx_word' id='word_1_85' title='bbox 818 2607 970 2683; x_wconf 86' lang='lat' dir='ltr'><strong>frondes</strong></span> 
     </span>
    </p>

    <p class='ocr_par' dir='ltr' id='par_1_15' title="bbox 55 2759 1107 2860">
     <span class='ocr_line' id='line_1_16' title="bbox 55 2759 1107 2860; baseline 0.002 -24"><span class='ocrx_word' id='word_1_86' title='bbox 55 2762 171 2836; x_wconf 90' lang='lat' dir='ltr'><strong>Nunc</strong></span> <span class='ocrx_word' id='word_1_87' title='bbox 187 2773 304 2860; x_wconf 81' lang='lat' dir='ltr'><strong>raptae</strong></span> <span class='ocrx_word' id='word_1_88' title='bbox 320 2762 442 2835; x_wconf 90' lang='lat' dir='ltr'><strong>ventis</strong></span> <span class='ocrx_word' id='word_1_89' title='bbox 460 2761 612 2834; x_wconf 91' lang='lat' dir='ltr'><strong>mistum</strong></span> <span class='ocrx_word' id='word_1_90' title='bbox 629 2759 885 2857; x_wconf 87' lang='lat' dir='ltr'><strong>glomerantur</strong></span> <span class='ocrx_word' id='word_1_91' title='bbox 901 2761 941 2833; x_wconf 93' lang='lat' dir='ltr'><strong>in</strong></span> <span class='ocrx_word' id='word_1_92' title='bbox 958 2762 1084 2836; x_wconf 90' lang='lat' dir='ltr'><strong>orbern</strong></span> <span class='ocrx_word' id='word_1_93' title='bbox 1095 2762 1107 2838; x_wconf 81' lang='lat' dir='ltr'><strong>l-</strong></span> 
     </span>
    </p>

    <p class='ocr_par' dir='ltr' id='par_1_16' title="bbox 57 2908 1103 3008">
     <span class='ocr_line' id='line_1_17' title="bbox 57 2908 1103 3008; baseline -0.003 -21"><span class='ocrx_word' id='word_1_94' title='bbox 57 2911 112 2987; x_wconf 95' lang='lat' dir='ltr'><strong>Ut</strong></span> <span class='ocrx_word' id='word_1_95' title='bbox 130 2935 231 2987; x_wconf 92' lang='lat' dir='ltr'><strong>nunc</strong></span> <span class='ocrx_word' id='word_1_96' title='bbox 249 2912 426 2986; x_wconf 86' lang='lat' dir='ltr'><strong>obscurat</strong></span> <span class='ocrx_word' id='word_1_97' title='bbox 443 2908 615 3008; x_wconf 89' lang='lat' dir='ltr'><strong>delapsus</strong></span> <span class='ocrx_word' id='word_1_98' title='bbox 632 2908 811 2984; x_wconf 85' lang='lat' dir='ltr'><strong>frondens</strong></span> <span class='ocrx_word' id='word_1_99' title='bbox 828 2909 948 2984; x_wconf 90' lang='lat' dir='ltr'><strong>imber</strong></span> <span class='ocrx_word' id='word_1_100' title='bbox 1053 2917 1103 2984; x_wconf 77' lang='lat'><strong>35</strong></span> 
     </span>
    </p>

    <p class='ocr_par' dir='ltr' id='par_1_17' title="bbox 57 3062 928 3155">
     <span class='ocr_line' id='line_1_18' title="bbox 57 3062 928 3155; baseline 0.001 -16"><span class='ocrx_word' id='word_1_101' title='bbox 57 3065 171 3153; x_wconf 86' lang='lat' dir='ltr'><strong>A&#39;e&#39;ra,</strong></span> <span class='ocrx_word' id='word_1_102' title='bbox 198 3076 237 3139; x_wconf 91' lang='lat' dir='ltr'><strong>et</strong></span> <span class='ocrx_word' id='word_1_103' title='bbox 253 3065 407 3140; x_wconf 88' lang='lat' dir='ltr'><strong>incertis</strong></span> <span class='ocrx_word' id='word_1_104' title='bbox 423 3063 554 3155; x_wconf 88' lang='lat' dir='ltr'><strong>fertur,</strong></span> <span class='ocrx_word' id='word_1_105' title='bbox 579 3062 754 3150; x_wconf 87' lang='lat' dir='ltr'><strong>ludibria,</strong></span> <span class='ocrx_word' id='word_1_106' title='bbox 780 3065 928 3140; x_wconf 89' lang='lat' dir='ltr'><strong>ventis!</strong></span> 
     </span>
    </p>

    <p class='ocr_par' dir='ltr' id='par_1_18' title="bbox 56 3174 930 3310">
     <span class='ocr_line' id='line_1_19' title="bbox 56 3174 930 3310; baseline -0.002 -22"><span class='ocrx_word' id='word_1_107' title='bbox 56 3211 93 3288; x_wconf 94' lang='lat' dir='ltr'>O</span> <span class='ocrx_word' id='word_1_108' title='bbox 112 3213 200 3286; x_wconf 86' lang='lat' dir='ltr'><strong>anni</strong></span> <span class='ocrx_word' id='word_1_109' title='bbox 216 3213 384 3286; x_wconf 86' lang='lat' dir='ltr'><strong>informis</strong></span> <span class='ocrx_word' id='word_1_110' title='bbox 402 3212 532 3288; x_wconf 83' lang='lat' dir='ltr'><strong>facies!</strong></span> <span class='ocrx_word' id='word_1_111' title='bbox 560 3211 597 3288; x_wconf 96' lang='grc' dir='ltr'>Ο</span> <span class='ocrx_word' id='word_1_112' title='bbox 614 3211 783 3310; x_wconf 87' lang='lat' dir='ltr'><strong>lugubris</strong></span> <span class='ocrx_word' id='word_1_113' title='bbox 801 3174 930 3288; x_wconf 88' lang='lat' dir='ltr'><strong>horror</strong></span> 
     </span>
    </p>

    <p class='ocr_par' dir='ltr' id='par_1_19' title="bbox 56 3359 1040 3458">
     <span class='ocr_line' id='line_1_20' title="bbox 56 3359 1040 3458; baseline -0.001 -21"><span class='ocrx_word' id='word_1_114' title='bbox 56 3359 235 3437; x_wconf 86' lang='lat' dir='ltr'><strong>Telluris!</strong></span> <span class='ocrx_word' id='word_1_115' title='bbox 262 3384 363 3435; x_wconf 88' lang='lat' dir='ltr'><strong>nunc</strong></span> <span class='ocrx_word' id='word_1_116' title='bbox 382 3362 502 3436; x_wconf 91' lang='lat' dir='ltr'><strong>omnis</strong></span> <span class='ocrx_word' id='word_1_117' title='bbox 518 3386 618 3458; x_wconf 85' lang='lat' dir='ltr'><strong>ager,</strong></span> <span class='ocrx_word' id='word_1_118' title='bbox 646 3385 748 3436; x_wconf 92' lang='lat' dir='ltr'><strong>nunc</strong></span> <span class='ocrx_word' id='word_1_119' title='bbox 766 3361 884 3438; x_wconf 88' lang='lat' dir='ltr'><strong>herba</strong></span> <span class='ocrx_word' id='word_1_120' title='bbox 897 3360 1040 3437; x_wconf 86' lang='lat' dir='ltr'><strong>fatiscit</strong></span> 
     </span>
    </p>

    <p class='ocr_par' dir='ltr' id='par_1_20' title="bbox 58 3503 997 3603">
     <span class='ocr_line' id='line_1_21' title="bbox 58 3503 997 3603; baseline 0.003 -20"><span class='ocrx_word' id='word_1_121' title='bbox 58 3508 241 3598; x_wconf 86' lang='lat' dir='ltr'><strong>Marcida,</strong></span> <span class='ocrx_word' id='word_1_122' title='bbox 270 3522 309 3585; x_wconf 92' lang='lat' dir='ltr'><strong>et</strong></span> <span class='ocrx_word' id='word_1_123' title='bbox 324 3510 472 3585; x_wconf 75' lang='lat' dir='ltr'><strong>aestivos</strong></span> <span class='ocrx_word' id='word_1_124' title='bbox 489 3522 623 3583; x_wconf 90' lang='lat' dir='ltr'><strong>natura</strong></span> <span class='ocrx_word' id='word_1_125' title='bbox 640 3503 791 3597; x_wconf 87' lang='lat' dir='ltr'><strong>amittit,</strong></span> <span class='ocrx_word' id='word_1_126' title='bbox 818 3510 997 3603; x_wconf 81' lang='lat' dir='ltr'><strong>honores3</strong></span> 
     </span>
    </p>

    <p class='ocr_par' dir='ltr' id='par_1_21' title="bbox 56 3656 1104 3757">
     <span class='ocr_line' id='line_1_22' title="bbox 56 3656 1104 3757; baseline 0.002 -25"><span class='ocrx_word' id='word_1_127' title='bbox 56 3657 162 3732; x_wconf 87' lang='lat' dir='ltr'><strong>Rura</strong></span> <span class='ocrx_word' id='word_1_128' title='bbox 177 3656 266 3756; x_wconf 85' lang='lat' dir='ltr'><strong>gelu</strong></span> <span class='ocrx_word' id='word_1_129' title='bbox 282 3659 373 3733; x_wconf 92' lang='lat' dir='ltr'><strong>dum</strong></span> <span class='ocrx_word' id='word_1_130' title='bbox 392 3658 534 3735; x_wconf 87' lang='lat' dir='ltr'><strong>claudit</strong></span> <span class='ocrx_word' id='word_1_131' title='bbox 551 3658 683 3744; x_wconf 86' lang='lat' dir='ltr'><strong>hiems,</strong></span> <span class='ocrx_word' id='word_1_132' title='bbox 696 3657 846 3757; x_wconf 86' lang='lat' dir='ltr'><strong>lateque</strong></span> <span class='ocrx_word' id='word_1_133' title='bbox 859 3657 1041 3757; x_wconf 88' lang='lat' dir='ltr'><strong>procellas</strong></span> <span class='ocrx_word' id='word_1_134' title='bbox 1052 3668 1104 3734; x_wconf 78' lang='lat'><strong>40</strong></span> 
     </span>
    </p>

    <p class='ocr_par' dir='ltr' id='par_1_22' title="bbox 57 3805 1193 3908">
     <span class='ocr_line' id='line_1_23' title="bbox 57 3805 1193 3908; baseline 0.002 -29"><span class='ocrx_word' id='word_1_135' title='bbox 57 3805 196 3882; x_wconf 91' lang='lat' dir='ltr'><strong>Bruma</strong></span> <span class='ocrx_word' id='word_1_136' title='bbox 211 3808 304 3906; x_wconf 85' lang='lat' dir='ltr'><strong>agit,</strong></span> <span class='ocrx_word' id='word_1_137' title='bbox 330 3823 372 3884; x_wconf 87' lang='lat' dir='ltr'><strong>et</strong></span> <span class='ocrx_word' id='word_1_138' title='bbox 385 3807 516 3907; x_wconf 82' lang='lat' dir='ltr'><strong>rigidis</strong></span> <span class='ocrx_word' id='word_1_139' title='bbox 534 3805 768 3906; x_wconf 79' lang='lat' dir='ltr'><strong>aquilonibus</strong></span> <span class='ocrx_word' id='word_1_140' title='bbox 786 3824 934 3908; x_wconf 83' lang='lat' dir='ltr'><strong>asperat</strong></span> <span class='ocrx_word' id='word_1_141' title='bbox 950 3833 1067 3882; x_wconf 80' lang='lat' dir='ltr'><strong>auras.</strong></span> <span class='ocrx_word' id='word_1_142' title='bbox 1191 3806 1193 3811; x_wconf 75' lang='grc'><strong>’</strong></span> 
     </span>
    </p>
   </div>
   <div class='ocr_carea' id='block_1_5' title="bbox 0 0 1328 4868">
    <p class='ocr_par' dir='ltr' id='par_1_23' title="bbox 0 0 1328 4868">
     <span class='ocr_line' id='line_1_24' title="bbox 0 0 1328 4868; baseline 0 0"><span class='ocrx_word' id='word_1_143' title='bbox 0 0 1328 4868; x_wconf 95' lang='lat' dir='ltr'><strong> </strong></span> 
     </span>
    </p>
   </div>
  </div>
 </body>
</html>
