2648 4868
232 464 315 551 290
545 490 678 547 muse
705 490 961 547 amussim.

401 842 419 878 ὓ
440 858 475 897 ru
496 854 621 901 narsum
641 858 774 902 courrrs
796 856 837 901 ua
857 858 1095 904 vermense.
1195 872 1214 889 ·-

239 957 388 1019 Kinnaird.
1107 982 1149 1027 -Δ,
1163 985 1196 1025 υ.
1212 974 1279 1047 lm

237 1306 296 1385 Ite
314 1307 413 1382 leves
432 1319 577 1394 cantus,
603 1306 812 1407 hilaresque
829 1308 952 1383 valete
971 1304 1179 1402 Camenae3
1222 1306 1239 1339 '¹
1262 1336 1265 1341 ’

286 1455 434 1531 Flebilis
452 1455 635 1530 accendat
651 1456 763 1530 nenia
778 1456 886 1530 triste
904 1455 1034 1531 melos.
1131 1478 1135 1483 ·
1157 1476 1165 1489 ·

237 1604 373 1702 Tuque
391 1598 587 1701 sepulcrali
604 1600 766 1681 frontem
784 1603 958 1678 redimita
973 1620 1160 1702 'cupresso

289 1753 390 1828 Seria
405 1749 583 1851 lugubres
600 1753 796 1852 praecipe(
805 1748 928 1837 Musa,
956 1740 1116 1828 modos]

239 1900 323 1975 Jam
340 1910 444 1973 vates
461 1896 550 1973 ficto
567 1923 642 1972 non
661 1910 743 1981 orat
760 1898 889 1973 adesse
905 1897 1038 1987 labori,
1099 1918 1102 1927 ·
1226 1910 1229 1929 ²
1246 1898 1276 1975 ’5

288 2050 376 2124 Non
393 2072 487 2148 puer
505 2048 639 2144 ldaeus,
667 2072 742 2143 non
760 2046 828 2122 tibi
847 2042 992 2120 flendus
1013 2044 1154 2157 Hylas

242 2198 330 2272 Heu
347 2196 456 2270 nimis
474 2198 513 2270 in
530 2220 637 2270 veros
656 2194 810 2296 Elegeia
824 2207 959 2270 vocata
976 2194 1143 2286 dolores,

289 2348 453 2444 Suscipe‚
483 2342 584 2442 quod
599 2345 718 2442 pietas
735 2344 869 2420 ultima
885 2344 1018 2444 poscit,
1047 2368 1159 2445 opus.

244 2492 342 2603 Hoc,
370 2490 506 2566 dilecte
523 2515 628 2589 puer,
654 2491 723 2566 tibi
741 2514 895 2592 munere
911 2488 1052 2589 fungor
1068 2493 1191 2599 inani,

292 2639 329 2715 Ο
347 2641 467 2726 matri,
495 2665 518 2713 o
536 2651 663 2725 nostro
679 2662 800 2740 nuper
817 2636 991 2738 adempte
1010 2639 1148 2718 c‘horo!
1169 2648 1172 2653 ’
1243 2648 1279 2715 lu

243 2787 372 2876 Qualis
390 2811 491 2885 agro,
517 2786 685 2861 nondum
702 2786 832 2884 plenos
850 2797 1027 2885 expertus
1045 2787 1221 2878 honores,

292 2897 415 3009 Imbre
433 2904 492 3009 uel
510 2935 644 3030 immiti
661 2930 837 3008 flosculus
854 2920 982 3033 ungue
1000 2936 1127 3034 perit:

130 3154 135 3167 ,
243 3083 302 3157 Sic
321 3082 422 3157 cadis
439 3096 525 3157 ante
544 3083 664 3172 diem;
692 3080 723 3155 si
740 3085 813 3179 qua
831 3077 908 3156 fata
926 3105 1057 3180 aspera
1073 3084 1196 3183 possis

292 3229 466 3317 Vincere,
494 3198 682 3330 pollicitus
699 3227 882 3304 nobiliora
898 3228 984 3305 luia.

247 3382 356 3468 Nam,
385 3383 507 3456 viduae
524 3407 607 3481 spes
624 3381 744 3480 prima
761 3380 906 3467 domus,
934 3391 1115 3478 praestare
1132 3382 1266 3482 parenti

154 3602 159 3619 ,
294 3529 500 3616 Debueras,
528 3539 634 3626 rapto
653 3527 827 3625 conjuge,
851 3525 958 3621 vivus
976 3552 1102 3625 opem.
1245 3525 1279 3616 lli

246 3654 374 3775 Teque
392 3673 492 3761 olim,
519 3674 646 3773 primis
664 3674 694 3747 si
712 3700 785 3773 qua
802 3685 860 3749 est
875 3674 1014 3751 fiducia
1030 3679 1184 3789 coeptis?

296 3819 487 3920 Agncsset
503 3820 640 3918 primos
657 3820 755 3895 inter
774 3822 896 3896 Etona
909 3822 1017 3895 viros.

249 3973 286 4047 si
303 3969 440 4071 placidi
459 3994 578 4043 mores
595 3968 755 4056 valeant,
784 3970 814 4045 si
830 3970 952 4071 gratia
967 3968 1104 4063 formae

297 4119 347 4192 Et
365 4142 468 4192 meus
484 4118 641 4192 virtutes
659 4116 880 4227 explicitura
897 4141 994 4225 suas,
1245 4114 1281 4191 lu
