2648 4868
138 471 219 554 196
254 520 266 536 ·
448 497 581 552 nnsn
610 495 868 553 sronsnsrs.

137 679 272 756 Intulit
286 679 344 755 his
360 680 470 756 terris
485 683 660 781 primm,
687 695 726 757 et
742 678 970 782 perfundere
984 677 1146 778 lymphis

136 828 359 928 Fragrontes
376 830 508 906 docuit
521 830 687 908 frondes.
731 831 790 906 Te
806 829 908 905 mille
923 839 1128 929 parentem
1145 825 1195 901 lo

137 977 300 1054 Fabellae
317 981 473 1078 species,
499 981 701 1080 opprobria
716 979 820 1054 mille
834 976 1017 1064 fatentun

138 1124 264 1219 Theo3
291 1137 359 1201 tuo
376 1127 680 1203 circumvolitant
696 1128 889 1203 nascentia
902 1125 1026 1217 furno,

137 1279 338 1379 Multoque
356 1280 539 1356 delituere
556 1281 640 1354 imis
657 1275 857 1359 mendacia
869 1273 1003 1375 poclis.

138 1428 356 1517 Quinetiam
374 1429 453 1528 ipss
468 1439 554 1504 tuos
572 1440 727 1529 captans
744 1427 786 1503 fit
802 1426 935 1501 fortior
950 1425 1127 1513 haustus,

139 1576 392 1678 Adquiritque
409 1603 524 1654 novas
541 1577 708 1664 rediviva
723 1576 922 1669 Columnia
937 1575 1057 1671 vires!
1143 1579 1208 1653 45,

188 1724 574 1828 Hocagitatquamvis
584 1728 920 1826 muliebrislingua,
936 1725 1030 1825 quid
1040 1729 1192 1801 autern?

138 1871 251 1948 Nilne
269 1873 372 1949 aliud
389 1875 523 1952 dicunt
538 1876 731 1952 homines?
755 1887 832 1950 non
848 1874 946 1949 seria
960 1873 1077 1948 vanis.
1161 1916 1167 1921 ·

136 2021 357 2099 Immiscent
373 2023 494 2100 ludis?
519 2025 655 2114 Libris,
678 2037 923 2122 veterumque
941 2020 1148 2120 sophorum

135 2168 330 2245 Doctrinis
348 2172 566 2269 incumbere
584 2185 722 2261 amant,
750 2185 789 2247 et
807 2195 973 2271 quaercre
992 2169 1107 2269 quale

136 2317 192 2394 Sit
210 2317 358 2394 virtutis
376 2345 481 2419 opus,
505 2345 589 2420 quae
605 2332 720 2395 rectae
737 2322 866 2395 munia
882 2320 982 2407 vitae,
1137 2325 1185 2391 50

136 2467 188 2542 Et
205 2492 288 2566 quae
308 2467 458 2566 Religio
476 2470 633 2544 doceat?
682 2467 748 2543 Nil
765 2468 909 2545 scilicet
926 2469 1064 2543 horum

134 2617 306 2716 Dignum
324 2642 417 2692 voce
434 2629 588 2718 putant:
612 2618 669 2693 his
686 2643 853 2717 praeceps
871 2617 952 2692 alea
969 2605 1078 2693 cordi
1095 2629 1170 2708 est;

136 2763 350 2852 Pellicibus‚
372 2764 432 2839 vel
450 2766 566 2864 equis,
598 2766 770 2865 pretiosis
787 2777 957 2865 tempora
975 2764 1079 2841 curis

136 2913 392 3010 Insumpsere3
422 2911 501 2985 dies
517 2913 669 3005 transit3
696 2925 778 2987 turn
796 2914 867 2988 rite
884 2912 1004 3012 Lyaeo
1078 2924 1080 2928 ’
1145 2878 1152 2890 x

136 3058 244 3133 Dant
260 3059 415 3135 hilarem
433 3072 602 3135 noctem:
632 3085 720 3136 mox
738 3072 902 3137 stertunt
918 3085 1031 3136 mane
1050 3061 1183 3162 supini,

135 3207 240 3282 Dum
252 3232 320 3306 per
332 3207 515 3283 declivem
529 3208 676 3284 rediens
687 3209 741 3285 sol
753 3210 870 3286 currit
883 3208 1109 3310 Olympumo
1137 3208 1184 3285 56

185 3356 259 3430 Ast
278 3381 348 3454 ego
366 3382 452 3432 curn
468 3344 576 3433 lectis
593 3358 717 3455 potiris
735 3357 959 3456 conjunctus
976 3358 1111 3433 amicis

137 3504 242 3579 Rura
259 3505 379 3580 colam
396 3530 604 3605 parvosque
620 3506 733 3580 lares:
761 3505 814 3579 ibi
831 3506 901 3579 rite
919 3505 1081 3580 sacratis-

136 3651 331 3727 Musarum
350 3653 535 3728 studuisse
553 3655 688 3743 choris,
715 3667 753 3730 et
771 3679 922 3753 carpere
940 3653 1052 3728 flores

133 3801 342 3887 Doctrinae,
354 3813 419 3875 aut
429 3800 557 3876 hortos
567 3802 666 3877 inter
676 3827 1124 3901 nemorumquerecessus
1137 3801 1183 3879 60

7 3942 9 3948 ’
137 3951 233 4027 Cum
252 3950 435 4026 Cicerone
451 3950 566 4048 loqui,
595 3962 789 4025 sanctosve
807 3952 937 4029 audire
953 3964 1098 4050 poetas,

136 4099 407 4200 Colloquioque
425 4097 499 4174 frui
517 4097 850 4199 dulci‘contingat3
878 4112 923 4175 ut
939 4099 1030 4184 olim
