2648 4868
374 503 508 563 truse
536 502 794 561 arounusns.
848 454 850 461 ’
1035 455 1113 562 1'81

61 691 225 769 Strideat
235 690 476 780 horrendum,
487 703 554 768 aut
567 694 682 792 parve
691 690 792 765 inter
801 686 1112 786 graminavermis

60 840 449 942 Lampadescintillet,
462 840 1109 941 tremulumqueaccenderitignem.

61 988 168 1087 Saepe
185 986 280 1090 lares
296 987 396 1065 intra
412 989 584 1087 exiguos,
607 986 830 1089 fumosaque
846 988 948 1065 villae

60 1144 221 1232 Limina,
237 1145 327 1220 dum
341 1145 505 1220 cinerem
518 1145 669 1221 admott
682 1145 766 1221 face
778 1147 937 1223 suscitat
949 1171 1046 1224 uxor
1062 1156 1117 1229 25<

62 1290 247 1392 Agrestis,
273 1305 501 1394 tenuemque
517 1293 598 1369 viro
616 1306 722 1395 parat
740 1295 852 1370 anxia
869 1320 1049 1386 mensam,

61 1441 213 1517 Somnia
229 1454 416 1518 nocturna
432 1456 470 1519 et
486 1443 598 1532 visor,
625 1443 688 1519 ah!
717 1442 871 1519 credula
887 1442 1024 1521 Manes
1047 1536 1048 1544 ἵ

60 1590 255 1684 Narravit3
283 1616 381 1692 saepe
399 1593 535 1668 auditis
552 1593 741 1691 trepidare
758 1593 905 1668 videres

60 1736 262 1813 Exanimes
274 1763 429 1838 pueros3
458 1739 623 1840 dumque
642 1751 729 1815 acto
747 1764 880 1839 quassa
897 1703 1061 1840 remugit

59 1886 173 1967 Porta
189 1901 292 1977 noto,
320 1890 360 1962 in
377 1889 506 1964 matris
523 1900 628 1964 tutos
645 1888 867 1965 tremefacta
883 1891 1043 1966 recurrit
1059 1897 1109 1973 30

58 2041 190 2117 Turba
206 2040 319 2127 sinus,
346 2040 519 2140 tristique
538 2032 667 2116 oculos
685 2043 822 2117 avertit
839 2044 890 2118 ab·
904 2032 1047 2119 umbra.
1127 2093 1130 2104 ·

110 2190 166 2265 At
182 2201 226 2265 tu
241 2199 348 2265 verte
365 2188 498 2277 aciem,
525 2193 598 2289 qul
615 2191 758 2268 tristius
774 2194 931 2270 incubat
947 2194 1089 2271 umbris

58 2339 172 2416 Mens
189 2337 333 2425 inculta
348 2338 483 2427 virum,
508 2338 732 2440 graviorque
747 2342 902 2419 indocta
918 2341 1053 2442 fatigat

60 2489 185 2565 Corda
201 2498 343 2580 metus3
371 2486 563 2587 speculare
581 2488 880 2589 Caledoniosque
897 2491 1085 2592 rudesque
1216 2574 1219 2581 ,

60 2638 265 2728 Hebridas,
291 2634 436 2718 Arctoo
454 2660 688 2735 quaecunque
706 2663 750 2712 ca
766 2651 866 2712 terra
883 2638 1015 2714 Bootae
1057 2647 1108 2716 35

60 2785 248 2887 Subjacet‚
276 2797 315 2859 et
331 2809 463 2886 parvas
480 2784 638 2882 magicae
655 2783 725 2858 sibi
742 2799 938 2860 consecrat
954 2789 1044 2862 artis

60 2935 273 3036 Reliquias3
298 2954 423 3032 neque
441 2931 542 3006 enirn
561 2930 743 3007 siluerunt
761 2931 920 3032 mystica
936 2932 1017 3034 ript

59 3083 247 3169 Carmina,
263 3079 379 3166 Tavc,
391 3079 468 3166 tut,
480 3086 546 3152 aut
555 3074 681 3174 gelido
693 3100 776 3174 quae
786 3079 954 3175 preterit
965 3077 1104 3156 Annon

58 3233 187 3308 Amne
202 3228 312 3304 locis:
340 3226 556 3303 Bardonum
573 3225 650 3300 illic
661 3224 756 3324 juga
772 3227 929 3326 pristina
947 3227 1082 3307 Manes

41 3371 172 3458 'Nunc
189 3379 302 3454 etiam
320 3374 522 3461 celebrant,
538 3385 782 3473 veterumque
800 3375 928 3451 audita
939 3377 1102 3475 lyrarum

56 3531 129 3605 Per
147 3526 260 3603 colles
277 3534 385 3637 sonat
401 3533 513 3620 atque
530 3545 658 3596 aurem
676 3521 842 3598 delectat
856 3524 992 3625 imago.
1052 3534 1099 3602 41
1237 3613 1243 3624 ¹

57 3677 164 3766 Quid
180 3696 382 3763 memorem
398 3671 546 3770 quoties
562 3670 655 3746 coeci
672 3671 711 3744 in
727 3672 981 3771 penetralibus
1002 3675 1101 3751 antri

59 3825 225 3902 Horrida
241 3848 409 3926 praesago
425 3833 529 3898 vates
547 3823 648 3898 canit
666 3846 730 3898 ore
746 3822 897 3899 loeutus
923 3817 927 3825 ’

57 3973 256 4074 Prodigia?
281 3976 436 4048 externo
453 3996 517 4046 seu
534 3971 609 4047 fors
626 3971 750 4046 herois
766 3971 806 4044 in
823 3975 888 4048 ort

59 4123 201 4202 Flebile
219 4124 394 4226 (praevisd
411 4122 603 4199 morientis
620 4120 803 4220 imagine)
819 4118 951 4207 fatum,
1050 4128 1101 4200 46
