2648 4868
298 475 318 485 e
398 424 529 485 arnse
557 427 814 498 urcunusns.
1070 395 1121 475 51

80 611 173 687 Νοη
189 610 253 698 ita,
281 612 469 709 perpetuis
488 610 548 683 cui
566 611 809 709 pubescentia
826 607 983 706 gemmis
1058 591 1060 595 Α

133 758 286 831 Vimina
303 757 475 833 Castalia
492 783 574 830 rore
590 757 763 831 lavantur
780 782 896 854 aquae.

84 905 197 979 Sacra
214 904 301 978 olim
321 906 476 990 Phoebe,
503 916 541 978 et
558 905 659 977 nulla
677 905 814 979 violata
832 904 965 990 securi,

24 1094 26 1099 ·
135 1050 257 1125 Ornat
274 1053 450 1150 adoptivo
468 1053 592 1126 laurus
609 1053 749 1126 honore
768 1079 911 1144 eomas3

85 1198 246 1294 Ingenio
263 1211 391 1271 vatum
411 1212 449 1272 et
466 1199 598 1273 melica
615 1201 755 1275 nutrita
774 1201 938 1274 Camena
1079 1207 1127 1271 25

136 1346 279 1420 Umbra
296 1373 362 1446 per
381 1347 523 1445 Elysios
541 1359 685 1446 myrtea
702 1349 810 1421 floret
827 1373 945 1445 agros.

86 1497 173 1595 Ipse
190 1497 265 1571 tuis
279 1497 539 1593 gemebundus
553 1497 689 1581 adhuc,
718 1495 903 1581 Valclusa,
932 1468 999 1568 sub
1014 1495 1128 1577 antris

137 1643 349 1754 Purpureus
367 1643 516 1716 mollem
533 1642 660 1715 fundit
674 1641 792 1715 Amor
809 1643 1028 1741 laerymam3

87 1790 212 1866 Lenta
229 1793 296 1865 sub
315 1790 456 1889 argutis
473 1790 663 1887 trepidant
680 1791 836 1886 suspiria
857 1790 979 1874 ramis,

138 1937 284 2011 Crescit
302 1947 341 2010 et
354 1947 504 2009 aeternae
522 1922 685 2008 consona
702 1935 793 2009 silva
808 1936 909 2032 lyrae.
1078 1943 1128 2010 30

89 2083 240 2159 Scilicet
258 2096 296 2158 et
314 2083 475 2157 Lautam
492 2057 687 2178 languenti
700 2108 792 2157 voce
811 2093 986 2169 susurrat,

139 2232 305 2316 Numine
324 2229 511 2304 Petrarcae
529 2227 724 2302 nobilitata
740 2229 807 2302 tui.

88 2379 231 2454 Umbra
249 2377 465 2476 Cupidineis
483 2402 627 2474 semper
643 2377 835 2450 lustranda
853 2377 995 2452 choreis

139 2526 284 2623 Surget,
311 2525 493 2598 honorato
511 2526 558 2598 sit
577 2525 691 2598 decus
707 2525 808 2598 unde
827 2526 929 2616 solo;

87 2673 174 2749 Nec
192 2671 311 2771 deerit
327 2672 407 2759 tibi,
436 2673 525 2746 dum
542 2673 662 2745 teneri
679 2683 874 2746 versantur
891 2690 1049 2763 amures,
1078 2681 1127 2746 35

138 2817 220 2892 Aut
237 2843 378 2907 nemus,
407 2830 472 2894 aut
488 2818 630 2893 ner'nori
648 2818 842 2918 religiosus
859 2819 988 2899 honor,
