2648 4868
114 444 195 546 172
363 437 369 455 '
419 468 551 523 rausa
580 434 860 522 nrouassrs.'

111 652 344 732 Confirmant
360 651 531 728 suffulta:
558 652 670 729 nimis
687 676 736 727 ne
752 651 881 725 innixa
898 652 1064 749 superne

111 798 230 879 Terra
246 811 344 888 ruat,
369 800 565 898 subitaque
582 800 749 874 involvat
765 811 904 876 cuneta
916 797 1039 883 ruini,
1074 851 1082 863 -
1108 806 1157 887 70

110 948 269 1025 Daedala
286 949 379 1048 quin
397 948 517 1025 multo
534 947 642 1025 caelat
657 946 846 1048 laquearia
862 946 972 1046 signo

111 1094 291 1171 Exudans
309 1096 393 1172 salis
411 1110 477 1173 aut
493 1097 618 1172 ochrae
633 1096 842 1171 mordacior
859 1094 1016 1189 humor;

111 1243 398 1347 Pinguuturque
416 1247 502 1322 citae
517 1245 703 1333 volucres,
728 1255 794 1325 aut
811 1243 941 1318 nubila
956 1266 1050 1323 saxo

112 1392 326 1470 Intertexta
340 1406 485 1495 patent,
513 1406 553 1471 et
568 1394 831 1482 subterraneus
850 1392 977 1479 aetber.
1054 1422 1058 1487 j

161 1551 229 1638 At,
248 1572 297 1624 ne
314 1545 412 1624 forte
427 1571 561 1648 graves
577 1543 672 1622 fumi
688 1542 917 1646 spirantibus
930 1543 1060 1620 obsint
1110 1552 1155 1633 '7³

113 1698 327 1799 Sulphuris;
355 1696 569 1797 exquirunt,
596 1705 714 1776 tetros
731 1697 805 1792 qua
819 1692 1089 1794 rima'sapores

113 1842 160 1918 In
178 1840 344 1916 medium
361 1850 512 1931 vomat5
538 1837 602 1911 hlc
618 1834 788 1915 claustris
802 1833 994 1937 longoque
1012 1833 1151 1920 canali·

111 1989 338 2090 Excipiunt:
363 1987 443 2087 ipse
460 1986 500 2061 in
517 2009 668 2087 superas
685 1983 840 2071 enititur
856 2008 964 2059 auras

112 2138 335 2215 Ascendcns
351 2160 478 2235 vapor,
505 2146 545 2208 et
562 2134 709 2208 flamm-a
726 2133 910 2232 spiracula
926 2130 1075 2207 lambit.

113 2285 333 2389 Quinetiam
349 2284 477 2359 subter
493 2282 746 2365 latebrasmon
763 2281 934 2381 lampade
950 2285 1083 2383 aperti
1112 2284 1159 2357 80

111 2431 220 2506 Teda
234 2429 345 2531 fugat
361 2442 527 2520 noctem,
553 2441 658 2507 tactu
675 2454 723 2504 ne
740 2427 890 2503 flamma
906 2427 1059 2527 procaci

112 2579 298 2656 Iucendat
313 2591 442 2681 putres
459 2603 578 2669 auras,
603 2578 848 2683 ‚disruptaque
866 2575 985 2673 solvat

111 2728 251 2805 Tecta:
279 2728 347 2804 sed
361 2729 565 2815 innocuam
581 2727 705 2805 lucem
722 2738 823 2803 torto
842 2752 911 2801 axe
928 2738 1099 2801 rotarum

112 2835 196 2951 Icta
213 2874 305 2949 silex
316 2872 424 2973 jacit,
452 2884 491 2947 et
507 2872 634 2960 vivum
652 2852 830 2949 scintillat
845 2875 884 2947 in
902 2874 1044 2956 orbem.

111 3023 286 3109 Necnon,
306 3020 510 3107 visceribus
527 3033 637 3106 tersae
655 3024 719 3123 qui
737 3024 928 3115 exuberat,
954 3023 1093 3100 humor
1111 3032 1157 3105 85

112 3173 173 3273 Ne
190 3184 347 3260 tumeat,
374 3197 586 3272 mersosque
607 3185 692 3259 ruat
708 3185 874 3260 torrente
891 3174 1057 3269 labores3

16 3430 19 3437 Ι
112 3320 270 3419 Ignibus
287 3321 450 3420 impulsa
466 3334 506 3397 et
524 3320 663 3397 clausae
680 3325 878 3406 conatibus
895 3325 1009 3405 undae

113 3466 293 3542 Machina
310 3469 388 3567 agit
403 3493 547 3568 pressos
564 3471 708 3565 latices,
735 3474 927 3578 ductuque
943 3475 1124 3562 tuborum

111 3617 244 3697 Elicit:
273 3618 444 3694 exultans
461 3617 600 3696 foedam
617 3647 684 3721 per
702 3620 857 3697 stridula
873 3647 962 3697 saxa

49 3755 54 3764 ⁵
111 3767 286 3867 Lympha
300 3766 399 3841 viam
417 3781 530 3856 secat,
557 3783 596 3844 et
612 3769 757 3844 bibulas
769 3768 875 3845 fumo
892 3769 1011 3846 inficit
1025 3797 1145 3854 auras,
1184 3774 1190 3781 ’

110 3915 271 4017 Jamque
289 3915 358 3990 sub
376 3929 562 3991 extremos
580 3917 654 3991 alta
670 3917 803 3994 tellure
821 3944 991 3995 recessus
1110 3926 1156 4021 91

111 4062 312 4185 Venimus:
338 4064 441 4141 haud
461 4076 583 4143 tantos
599 4067 726 4178 potuit
735 4066 880 4168 jactare
897 4069 1045 4147 labores
