2648 4868
184 477 267 558 194
505 496 639 552 irusn
667 493 926 552 reomenses.

479 825 640 895 ,essuosr
662 823 768 865 nruus
788 821 924 865 orum.

192 917 328 989 wurcing.
1064 923 1094 963 Α.
1109 922 1143 965 n.
1162 907 1245 969 1780.

608 1095 811 1135 a

195 1311 383 1393 Srsrronr,
423 1303 518 1379 heu!
557 1317 696 1394 nostro,
735 1305 970 1404 multumque
1003 1302 1247 1404 loquentibus

345 1451 444 1527 ultro

199 1604 286 1679 Hoc
303 1601 437 1676 vitium
456 1611 531 1693 est3
560 1599 671 1675 dictis
688 1596 937 1686 mordacibus,
965 1609 1005 1673 et
1022 1595 1101 1672 sale
1117 1595 1227 1696 nigro

200 1752 389 1827 Absentes
408 1758 555 1823 cessant
571 1770 764 1846 nunquam
783 1745 884 1843 qubd
898 1743 1037 1820 laedere
1055 1744 1210 1834 amicos,

199 1874 440 1998 Atque'adeb
457 1894 609 1972 alterius
624 1895 725 1971 vitiis
742 1893 899 1971 illudere
915 1893 1005 1983 luti,

198 2046 253 2122 Ut
270 2070 337 2119 sua
353 2043 553 2142 respiciant
571 2067 762 2142 nunquam
780 2042 895 2118 mala:
913 2042 1099 2143 prae'tere'u
1116 2041 1249 2144 qubdo

200 2193 263 2268 De
281 2192 391 2289 nugis
409 2191 545 2288 agitur,
573 2187 700 2287 quales
719 2202 961 2267 contemnere
978 2188 1140 2277 mavult,

203 2340 326 2428 Qubm
345 2338 452 2424 scire,
480 2336 673 2435 egregium
692 2339 857 2438 quisquis
876 2340 1053 2440 sapientis
1069 2338 1212 2416 habere

203 2486 353 2560 Nomen
384 2495 488 2558 avet:
528 2485 553 2528 ‘'‘
572 2483 755 2572 Quaenam
786 2487 924 2563 audisti
952 2482 1094 2565 nova?
1124 2483 1254 2587 (Delia

351 2631 496 2732 probris

191 2779 310 2854 ‘Laeta
326 2790 447 2876 rogat,
477 2777 605 2851 chartt
621 2780 837 2856 mendacior
854 2782 935 2881 ipsa
952 2782 1105 2867 diumtu

205 2928 426 3026 Virginibus
445 2924 616 3024 quaedam
634 2951 680 2999 ex
698 2926 782 3017 illis,
802 2930 936 3027 quibus
952 2904 1082 3005 invido
1099 2926 1247 3004 vultum

205 3075 403 3149 Annorum
421 3072 532 3147 series
549 3073 726 3170 turpavit,
755 3087 795 3150 et
811 3089 891 3152 atra
908 3090 1082 3153 senectus
1211 3081 1252 3149 11

91 3298 98 3309 ,
202 3221 375 3319 Innuptis
388 3219 545 3295 tandem
564 3202 754 3318 obrepsit3
783 3223 918 3322 quibus
936 3248 1011 3299 una
1028 3222 1208 3324 voluptas

78 3405 80 3409 ·
205 3367 373 3454 Ludere,
401 3380 440 3441 et
457 3368 623 3441 insontes
637 3365 737 3441 falsis
755 3371 943 3447 maculare
960 3367 1107 3469 puellas

206 3513 471 3607 Criminibus3)
488 3523 513 3558 “
525 3513 709 3602 Quaenam
727 3519 889 3594 audisti?
906 3520 967 3594 De
974 3515 1152 3618 Phyllide
1164 3540 1257 3591 nun·

238 3692 242 3699 ·
267 3645 270 3649 ’
361 3662 450 3762 quid
457 3665 500 3736 ?'’

207 3816 280 3894 Cui
288 3818 444 3916 (pariter
451 3841 562 3916 quam
569 3816 683 3890 durus
694 3808 1273 3915 Hymenvotausqueferentem'

94 3993 97 4000 ·
211 3965 382 4054 Luserat,
395 3953 609 4062 insidioque
626 3963 739 4037 etiam
756 3985 823 4059 par
838 3959 1005 4046 Deboru,
1019 3967 1060 4032 et
1077 3957 1208 4052 annis)
1219 3962 1262 4030 16

210 4125 234 4160 ‘⁵
254 4114 357 4190 Num
376 4110 515 4203 Phyllis
531 4108 751 4210 peccavit?”
779 4107 849 4183 alt:
876 4119 960 4182 tum
978 4103 1092 4181 Delia
1108 4104 1250 4207 pulum
