2648 4868
453 423 584 479 musa
611 417 870 479 aronnnsus.
1095 496 1100 500 ι
1131 387 1184 488 17

471 672 490 708 ⁴*
507 663 650 739 Παντὲχνε
663 664 743 742 wagris
755 661 842 727 σέλως.

138 763 307 852 Besalem
417 803 423 817 ·
1007 782 1033 822 r.
1048 781 1079 822 n.
1096 769 1181 830 1794.
1263 843 1266 855 Ι

569 873 774 955 ss

136 1036 322 1131 Dssurun
339 1035 493 1124 emissus
510 1059 577 1133 per
594 1031 720 1109 hiulca
736 1027 919 1104 foramina
936 1026 1023 1114 caeli

137 1184 337 1276 Multifidis
355 1184 431 1259 ruit
447 1183 604 1270 insidiis,
629 1181 847 1283 liquidoque
865 1192 991 1268 meatu
1025 1206 1026 1210 ¹
1159 1246 1164 1252 .

138 1336 232 1410 saxa
249 1359 327 1433 per,
356 1344 395 1407 et
411 1333 507 1407 vasti
523 1331 685 1408 claustra
703 1341 898 1405 exaturata
913 1327 1091 1429 profundi

125 1478 241 1581 *Ignis
258 1481 301 1572 it,
328 1478 556 1583 humanique
575 1468 744 1561 undatim
762 1479 801 1563 in
820 1478 1108 1578 corporis-artus¹
1176 1570 1179 1574 Ι

138 1628 309 1702 Insinuat
327 1625 517 1713 coelestem
536 1626 710 1712 animam,
736 1625 885 1724 lateque
902 1647 1096 1724 pererrans
1157 1633 1182 1699 5

137 1774 328 1862 Diffundit
345 1786 522 1874 vegetum
539 1775 668 1852 bibula
684 1777 783 1851 inter
803 1777 971 1868 membra
987 1777 1166 1877 viprem.
1228 1794 1230 1799 ’

137 1927 290 2017 Scilicet
307 1941 440 2015 enatus
457 1929 646 2027 quondam
665 1933 750 2025 (seu
768 1930 896 2026 purior
912 1929 1043 2017 aether,

102 2166 104 2172 ,
139 2081 210 2157 Seu
229 2079 366 2156 subtile
383 2080 503 2178 magis
519 2079 666 2175 lumen)
684 2107 751 2181 per
768 2081 894 2159 inania
905 2107 1033 2161 rerum
1057 2148 1098 2209 s

138 2233 284 2340 impete
301 2259 341 2309 se
359 2232 477 2308 volvit
494 2233 629 2326 fluid03
658 2253 734 2309 non
752 2234 856 2310 ocior
873 2259 963 2313 areu

138 2379 243 2456 Mors
260 2380 373 2469 volat,
402 2394 468 2456 aut
484 2393 592 2459 tanto
609 2383 764 2481 pennati
781 2382 940 2458 turbinis
957 2385 1014 2459 ira
1140 2392 1186 2459 10

137 2501 351 2629 Praebipitat
367 2529 486 2630 lapsu,
516 2529 604 2606 cum
623 2557 702 2607 sese
720 2530 865 2607 fervida
882 2533 998 2612 moles

137 2675 343 2769 Extenuat,
368 2679 562 2777 multoque
578 2677 680 2753 leves
699 2680 914 2769 curvamine
931 2705 1052 2761 nexus

136 2825 275 2925 Fingit,
304 2837 343 2902 et
359 2826 553 2902 internum
571 2825 709 2900 attritis
727 2827 803 2901 ciet
819 2826 972 2939 urbibus
989 2840 1134 2912 aestum.

141 2973 312 3056 Maxima
328 3000 413 3074 pars
431 2974 541 3074 hujus
558 2975 686 3055 subter
704 2975 855 3075 delapsa
872 2976 1032 3075 quiescit
1171 3022 1174 3027 ·

138 3122 268 3198 Terrai
286 3125 325 3196 in
342 3126 497 3224 gremio,
525 3125 682 3224 genialis
699 3125 840 3201 semine
857 3125 1017 3202 flammae
1058 3123 1060 3130 ’
1141 3137 1185 3204 15

139 3267 262 3365 Omne
279 3269 411 3351 fovens
429 3270 596 3358 circbm3
621 3270 693 3345 nisi
710 3298 778 3371 per
795 3273 979 3372 spiracula
995 3272 1126 3359 furtim

139 3420 250 3511 Unda
267 3422 369 3511 fluat,
398 3435 572 3522 roretque
589 3425 738 3522 ingrato
754 3423 911 3501 humore
928 3424 1081 3524 pyrites.

139 3572 329 3665 Contipub
346 3575 386 3648 in
403 3601 553 3675 spumas
570 3575 783 3662 fervescens
801 3575 955 3674 sulphur
973 3576 1136 3664 anhelat,
1185 3616 1200 3645 ς

138 3720 429 3839 Visceribusque
446 3738 570 3813 tumet
586 3727 769 3826 gravidis3
788 3751 878 3803 mox
894 3727 1047 3806 vincula
1063 3741 1184 3819 terrae,

140 3867 187 3944 Et
200 3872 525 3973 superimpositam
537 3876 784 3975 grave-olenti
798 3878 947 3954 turbine
962 3903 1119 3954 massam
1137 3885 1187 3952 ⁶20

141 4015 352 4118 Perrumpit
368 4023 423 4099 vis
440 4036 535 4117 atra,
560 4025 756 4127 globisque
775 4028 992 4103 ardentibus
1010 4053 1137 4126 aequor

134 4200 137 4205 ·
187 4188 271 4243 vor..
297 4191 340 4245 Π.
645 4198 674 4246 ο
