2648 4868
380 490 514 548 musas
541 490 800 547 aroannam.
1030 461 1111 565 275

311 888 319 903 t
355 835 394 900 Ἣ
401 837 582 901 mentumis
590 839 817 919 ὦκ’θςῶπωντρῡφῆ.

73 948 223 1008 Grenvllle.

408 1129 412 1139 ι

66 1266 156 1343 Non
173 1266 237 1343 illa
252 1268 434 1369 ingenuas
451 1282 553 1346 artes
568 1289 764 1368 sacrasque
781 1291 955 1344 camenas

68 1413 187 1491 Terra
202 1414 319 1504 fovet,
346 1442 458 1516 quam
475 1441 552 1493 non
570 1416 704 1516 aequali
721 1441 825 1503 sacra
840 1428 971 1491 tuetur

66 1563 93 1641 J
94 1589 160 1640 ure
177 1563 351 1654 Themis,
371 1566 548 1665 legesque
566 1591 633 1640 suo
651 1566 905 1640 moderamine
922 1583 1072 1639 servans

66 1705 233 1786 Exercet
249 1706 401 1795 molem;
426 1721 465 1783 et
481 1720 563 1784 toto
580 1733 620 1784 se
638 1734 793 1808 corpore
811 1709 955 1783 miscet.
975 1683 978 1690 Ι

66 1853 173 1931 Huic
191 1879 339 1953 quoque
358 1879 396 1929 se
410 1853 587 1930 comitem
601 1849 780 1954 adjungit
788 1855 998 1953 gratissima
1009 1853 1116 1952 virga

63 2000 255 2094 Libertas,
282 2003 437 2077 summis
452 2004 613 2102 prImum
632 2027 716 2101 quae
733 2002 922 2077 montibus
940 2012 1022 2076 orta
1093 1998 1117 2073 6

68 2152 211 2228 Gestiit
228 2155 406 2231 obscuros
422 2152 609 2254 sylvarum
627 2153 794 2228 habitare
812 2176 992 2240 recessus,

68 2303 243 2404 Aviaque
259 2304 508 2405 injustisloca
522 2329 599 2380 non
617 2304 848 2405 penetranda
864 2303 1044 2404 tyrannis,

69 2454 232 2537 Arrecto
250 2457 373 2556 capite
391 2457 564 2533 exultans
581 2482 785 2556 gressuque
803 2456 976 2556 superbo.
1057 2494 1059 2501 ⁴

71 2604 183 2679 Hanc
198 2604 362 2693 taudem,
377 2617 421 2681 ut
432 2603 546 2680 valles
559 2604 793 2702 humilesque
806 2604 984 2679 inviserat
996 2626 1117 2701 agros

29 2786 33 2795 ¹
70 2753 122 2830 Et
138 2779 300 2854 praesens
318 2755 642 2830 urbeshominum
662 2765 857 2852 coetusque
874 2753 1014 2839 bearat,
1073 2757 1116 2827 11

71 2902 256 2979 Montana
272 2903 487 2979 veneranda
504 2903 661 2979 Themis
679 2875 839 3005 deduxit
856 2902 903 2976 ab
921 2922 1019 2988 arce,

70 3051 345 3152 Delectamque
363 3050 433 3128 sibi
451 3052 628 3128 concordi
646 3050 789 3127 foedere
799 3049 942 3151 junxit.
1033 3120 1037 3125 .
1114 3030 1118 3036 ¹

121 3201 272 3277 Deinde
290 3202 355 3277 ubi
371 3202 434 3279 lex
452 3214 554 3293 nata,
580 3214 620 3277 et
636 3226 761 3275 rerum
779 3197 1031 3281 civiliacusua

72 3354 232 3430 Pectora
248 3354 438 3443 formarat,
455 3355 590 3431 studiis
607 3352 719 3428 simul
735 3363 847 3427 aucta
863 3351 1038 3428 secundis
1074 3359 1121 3429 15
1132 3318 1149 3337 '¹

70 3501 236 3593 Enituit‚
262 3504 442 3605 cultuque
459 3530 529 3582 suo
544 3503 797 3604 pulcherrima
812 3501 954 3577 virtus:

72 3653 174 3730 Tum
192 3653 304 3728 variae
320 3654 475 3754 viguere
492 3664 602 3740 artes,
634 3650 830 3749 laudisque
848 3651 1002 3750 cupide,

73 3800 125 3876 Et
142 3801 273 3899 patriae
290 3799 488 3899 praedulcis
504 3824 626 3892 am0r;
653 3810 735 3872 tum
752 3798 906 3873 nomina
922 3795 1022 3873 fama

73 3948 223 4050 Inclyta
229 3980 241 4043 3
270 3949 374 4049 queis
393 3949 528 4023 solidas
545 3949 643 4023 vires
661 3949 903 4044 animumque
920 3945 1085 4022 ferocem

74 4098 265 4201 Inspirans
282 4098 382 4174 ultrd
399 4096 553 4174 Mavors
569 4096 811 4173 nascentibus
829 4119 932 4170 aerea
1073 4101 1124 4171 90

523 4270 526 4274 “
586 4253 651 4320 rQ
