<?xml version="1.0" encoding="UTF-8"?>
<!DOCTYPE html PUBLIC "-//W3C//DTD XHTML 1.0 Transitional//EN"
    "http://www.w3.org/TR/xhtml1/DTD/xhtml1-transitional.dtd">
<html xmlns="http://www.w3.org/1999/xhtml" xml:lang="en" lang="en">
 <head>
  <title>
</title>
<meta http-equiv="Content-Type" content="text/html;charset=utf-8" />
  <meta name='ocr-system' content='tesseract 3.04.00' />
  <meta name='ocr-capabilities' content='ocr_page ocr_carea ocr_par ocr_line ocrx_word'/>
</head>
<body>
  <div class='ocr_page' id='page_1' title='image "./musetonensesseu01unkngoog_0210.png"; bbox 0 0 2648 4868; ppageno 0'>
   <div class='ocr_carea' id='block_1_1' title="bbox 387 469 1169 593">
    <p class='ocr_par' dir='ltr' id='par_1_1' title="bbox 387 469 1169 593">
     <span class='ocr_line' id='line_1_1' title="bbox 387 469 1169 593; baseline -0.001 -46"><span class='ocrx_word' id='word_1_1' title='bbox 387 487 520 562; x_wconf 68' lang='lat' dir='ltr'>Musis</span> <span class='ocrx_word' id='word_1_2' title='bbox 548 491 818 564; x_wconf 62' lang='lat' dir='ltr'>mansisses„</span> <span class='ocrx_word' id='word_1_3' title='bbox 851 582 856 593; x_wconf 23' lang='grc' dir='ltr'>ι</span> <span class='ocrx_word' id='word_1_4' title='bbox 1035 469 1169 563; x_wconf 65' lang='lat'>1954</span> 
     </span>
    </p>
   </div>
   <div class='ocr_carea' id='block_1_2' title="bbox 66 648 1235 775">
    <p class='ocr_par' dir='ltr' id='par_1_2' title="bbox 66 648 1235 775">
     <span class='ocr_line' id='line_1_2' title="bbox 66 648 1235 775; baseline 0.002 -26"><span class='ocrx_word' id='word_1_5' title='bbox 66 675 133 751; x_wconf 82' lang='lat' dir='ltr'>Ad</span> <span class='ocrx_word' id='word_1_6' title='bbox 150 676 288 752; x_wconf 84' lang='lat' dir='ltr'>coelum</span> <span class='ocrx_word' id='word_1_7' title='bbox 305 675 464 752; x_wconf 86' lang='lat' dir='ltr'>tendens</span> <span class='ocrx_word' id='word_1_8' title='bbox 481 688 677 775; x_wconf 81' lang='lat' dir='ltr'>utrasque3</span> <span class='ocrx_word' id='word_1_9' title='bbox 707 687 732 720; x_wconf 89' lang='lat'>“</span> <span class='ocrx_word' id='word_1_10' title='bbox 750 674 788 750; x_wconf 95' lang='grc' dir='ltr'>Ο</span> <span class='ocrx_word' id='word_1_11' title='bbox 806 674 965 750; x_wconf 83' lang='lat' dir='ltr'>candida</span> <span class='ocrx_word' id='word_1_12' title='bbox 980 675 1113 766; x_wconf 87' lang='lat' dir='ltr'>virtus,</span> <span class='ocrx_word' id='word_1_13' title='bbox 1233 648 1235 653; x_wconf 23' lang='grc' dir='ltr'>Ι</span> 
     </span>
    </p>
   </div>
   <div class='ocr_carea' id='block_1_3' title="bbox 51 821 1213 4305">
    <p class='ocr_par' dir='ltr' id='par_1_3' title="bbox 51 821 1213 4305">
     <span class='ocr_line' id='line_1_3' title="bbox 67 821 1112 911; baseline 0.001 -13"><span class='ocrx_word' id='word_1_14' title='bbox 67 822 275 911; x_wconf 77' lang='lat' dir='ltr'>“Quando</span> <span class='ocrx_word' id='word_1_15' title='bbox 291 822 428 900; x_wconf 86' lang='lat' dir='ltr'>iterum</span> <span class='ocrx_word' id='word_1_16' title='bbox 446 835 563 899; x_wconf 80' lang='lat' dir='ltr'>terras</span> <span class='ocrx_word' id='word_1_17' title='bbox 580 824 699 904; x_wconf 83' lang='lat' dir='ltr'>vises?</span> <span class='ocrx_word' id='word_1_18' title='bbox 750 821 787 898; x_wconf 91' lang='grc' dir='ltr'><strong>Ο</strong></span> <span class='ocrx_word' id='word_1_19' title='bbox 804 821 925 897; x_wconf 83' lang='lat' dir='ltr'>forma</span> <span class='ocrx_word' id='word_1_20' title='bbox 941 826 1112 899; x_wconf 83' lang='lat' dir='ltr'>venusta!</span> 
     </span>
     <span class='ocr_line' id='line_1_4' title="bbox 66 969 1213 1070; baseline 0.001 -27"><span class='ocrx_word' id='word_1_21' title='bbox 66 980 91 1014; x_wconf 92' lang='lat'><strong>“</strong></span> <span class='ocrx_word' id='word_1_22' title='bbox 105 970 213 1046; x_wconf 88' lang='lat' dir='ltr'>Vana</span> <span class='ocrx_word' id='word_1_23' title='bbox 225 971 315 1047; x_wconf 90' lang='lat' dir='ltr'>boni</span> <span class='ocrx_word' id='word_1_24' title='bbox 328 971 486 1070; x_wconf 86' lang='lat' dir='ltr'>species!</span> <span class='ocrx_word' id='word_1_25' title='bbox 502 982 661 1061; x_wconf 82' lang='lat' dir='ltr'>nostras,</span> <span class='ocrx_word' id='word_1_26' title='bbox 674 969 823 1057; x_wconf 85' lang='lat' dir='ltr'>coelum,</span> <span class='ocrx_word' id='word_1_27' title='bbox 833 969 962 1068; x_wconf 87' lang='lat' dir='ltr'>accipe</span> <span class='ocrx_word' id='word_1_28' title='bbox 975 981 1112 1066; x_wconf 86' lang='lat' dir='ltr'><strong>grates,</strong></span> <span class='ocrx_word' id='word_1_29' title='bbox 1212 1067 1213 1070; x_wconf 8' lang='grc' dir='ltr'><strong>Ἴ</strong></span> 
     </span>
     <span class='ocr_line' id='line_1_5' title="bbox 67 1114 1113 1219; baseline 0.001 -28"><span class='ocrx_word' id='word_1_30' title='bbox 67 1126 93 1159; x_wconf 87' lang='grc'><strong>“</strong></span> <span class='ocrx_word' id='word_1_31' title='bbox 111 1116 225 1203; x_wconf 66' lang='lat' dir='ltr'>Quid</span> <span class='ocrx_word' id='word_1_32' title='bbox 237 1144 314 1195; x_wconf 88' lang='lat' dir='ltr'>non</span> <span class='ocrx_word' id='word_1_33' title='bbox 326 1119 485 1219; x_wconf 84' lang='lat' dir='ltr'>pulchra</span> <span class='ocrx_word' id='word_1_34' title='bbox 494 1118 615 1205; x_wconf 89' lang='lat' dir='ltr'>nimis,</span> <span class='ocrx_word' id='word_1_35' title='bbox 626 1117 748 1217; x_wconf 89' lang='lat' dir='ltr'>primo</span> <span class='ocrx_word' id='word_1_36' title='bbox 758 1117 926 1191; x_wconf 89' lang='lat' dir='ltr'>necflore</span> <span class='ocrx_word' id='word_1_37' title='bbox 931 1114 1113 1214; x_wconf 84' lang='lat' dir='ltr'>juventae,</span> 
     </span>
     <span class='ocr_line' id='line_1_6' title="bbox 67 1238 1137 1366; baseline 0.007 -29"><span class='ocrx_word' id='word_1_38' title='bbox 67 1273 93 1306; x_wconf 79' lang='lat'>‘⁶</span> <span class='ocrx_word' id='word_1_39' title='bbox 112 1263 184 1339; x_wconf 88' lang='lat' dir='ltr'>His</span> <span class='ocrx_word' id='word_1_40' title='bbox 202 1290 273 1363; x_wconf 88' lang='lat' dir='ltr'>ego</span> <span class='ocrx_word' id='word_1_41' title='bbox 290 1238 534 1366; x_wconf 63' lang='lat' dir='ltr'>temboribus,</span> <span class='ocrx_word' id='word_1_42' title='bbox 553 1291 624 1340; x_wconf 87' lang='lat' dir='ltr'>nec</span> <span class='ocrx_word' id='word_1_43' title='bbox 641 1263 790 1340; x_wconf 73' lang='lat' dir='ltr'>tantini</span> <span class='ocrx_word' id='word_1_44' title='bbox 805 1274 917 1339; x_wconf 82' lang='lat' dir='ltr'>aetate</span> <span class='ocrx_word' id='word_1_45' title='bbox 933 1262 1112 1344; x_wconf 82' lang='lat' dir='ltr'>laborem.</span> <span class='ocrx_word' id='word_1_46' title='bbox 1132 1350 1137 1357; x_wconf 63' lang='grc'><strong>,</strong></span> 
     </span>
     <span class='ocr_line' id='line_1_7' title="bbox 51 1409 1194 1511; baseline 0.007 -28"><span class='ocrx_word' id='word_1_47' title='bbox 51 1418 90 1503; x_wconf 65' lang='lat' dir='ltr'>f‘</span> <span class='ocrx_word' id='word_1_48' title='bbox 108 1409 192 1486; x_wconf 84' lang='lat' dir='ltr'>Nee</span> <span class='ocrx_word' id='word_1_49' title='bbox 214 1437 296 1487; x_wconf 87' lang='lat' dir='ltr'>sum</span> <span class='ocrx_word' id='word_1_50' title='bbox 320 1413 416 1489; x_wconf 70' lang='lat' dir='ltr'>ades</span> <span class='ocrx_word' id='word_1_51' title='bbox 436 1412 606 1488; x_wconf 89' lang='lat' dir='ltr'>informis</span> <span class='ocrx_word' id='word_1_52' title='bbox 629 1426 774 1489; x_wconf 83' lang='lat' dir='ltr'>tamen:</span> <span class='ocrx_word' id='word_1_53' title='bbox 801 1424 842 1489; x_wconf 84' lang='lat' dir='ltr'>at</span> <span class='ocrx_word' id='word_1_54' title='bbox 862 1411 1113 1511; x_wconf 83' lang='lat' dir='ltr'>pulcherrima</span> <span class='ocrx_word' id='word_1_55' title='bbox 1191 1487 1194 1491; x_wconf 84' lang='grc'>,</span> 
     </span>
     <span class='ocr_line' id='line_1_8' title="bbox 215 1559 355 1661; baseline 0.021 -27"><span class='ocrx_word' id='word_1_56' title='bbox 215 1559 355 1661; x_wconf 83' lang='lat' dir='ltr'>Phyllis</span> 
     </span>
     <span class='ocr_line' id='line_1_9' title="bbox 64 1707 1111 1806; baseline -0.004 -23"><span class='ocrx_word' id='word_1_57' title='bbox 64 1714 92 1749; x_wconf 88' lang='lat'><strong>“</strong></span> <span class='ocrx_word' id='word_1_58' title='bbox 108 1707 242 1806; x_wconf 80' lang='lat' dir='ltr'><strong>(Fama</strong></span> <span class='ocrx_word' id='word_1_59' title='bbox 259 1709 375 1801; x_wconf 79' lang='lat' dir='ltr'><strong>volat,</strong></span> <span class='ocrx_word' id='word_1_60' title='bbox 392 1709 461 1784; x_wconf 88' lang='lat' dir='ltr'>soli</span> <span class='ocrx_word' id='word_1_61' title='bbox 479 1709 545 1785; x_wconf 90' lang='lat' dir='ltr'>sed</span> <span class='ocrx_word' id='word_1_62' title='bbox 562 1733 638 1783; x_wconf 90' lang='lat' dir='ltr'>non</span> <span class='ocrx_word' id='word_1_63' title='bbox 656 1733 729 1806; x_wconf 86' lang='lat' dir='ltr'>ego</span> <span class='ocrx_word' id='word_1_64' title='bbox 747 1707 900 1783; x_wconf 85' lang='lat' dir='ltr'>credula</span> <span class='ocrx_word' id='word_1_65' title='bbox 915 1707 1045 1802; x_wconf 85' lang='lat' dir='ltr'>famae)</span> <span class='ocrx_word' id='word_1_66' title='bbox 1063 1715 1111 1781; x_wconf 65' lang='lat'>24</span> 
     </span>
     <span class='ocr_line' id='line_1_10' title="bbox 66 1854 1118 1955; baseline -0.001 -26"><span class='ocrx_word' id='word_1_67' title='bbox 66 1865 90 1897; x_wconf 91' lang='lat'><strong>“</strong></span> <span class='ocrx_word' id='word_1_68' title='bbox 109 1854 841 1955; x_wconf 79' lang='lat' dir='ltr'>Phyllishabetnatos,castailla,pudica,</span> <span class='ocrx_word' id='word_1_69' title='bbox 850 1854 1118 1954; x_wconf 43' lang='lat' dir='ltr'>gemellos&amp;</span> 
     </span>
     <span class='ocr_line' id='line_1_11' title="bbox 114 2001 1113 2103; baseline -0.001 -25"><span class='ocrx_word' id='word_1_70' title='bbox 114 2016 138 2048; x_wconf 91' lang='lat'><strong>“</strong></span> <span class='ocrx_word' id='word_1_71' title='bbox 157 2004 255 2079; x_wconf 90' lang='lat' dir='ltr'>Proh</span> <span class='ocrx_word' id='word_1_72' title='bbox 267 2005 453 2103; x_wconf 80' lang='lat' dir='ltr'>geminos!</span> <span class='ocrx_word' id='word_1_73' title='bbox 466 2001 559 2080; x_wconf 84' lang='lat' dir='ltr'>falsa</span> <span class='ocrx_word' id='word_1_74' title='bbox 572 2015 615 2079; x_wconf 81' lang='lat' dir='ltr'>ut</span> <span class='ocrx_word' id='word_1_75' title='bbox 628 2004 725 2078; x_wconf 89' lang='lat' dir='ltr'>veris</span> <span class='ocrx_word' id='word_1_76' title='bbox 739 2005 895 2102; x_wconf 88' lang='lat' dir='ltr'>quisque</span> <span class='ocrx_word' id='word_1_77' title='bbox 908 2004 1028 2079; x_wconf 85' lang='lat' dir='ltr'>addit!</span> <span class='ocrx_word' id='word_1_78' title='bbox 1042 2029 1113 2101; x_wconf 83' lang='lat' dir='ltr'>ego</span> 
     </span>
     <span class='ocr_line' id='line_1_12' title="bbox 214 2166 341 2229; baseline 0.008 -1"><span class='ocrx_word' id='word_1_79' title='bbox 214 2166 341 2229; x_wconf 83' lang='lat' dir='ltr'>autem</span> 
     </span>
     <span class='ocr_line' id='line_1_13' title="bbox 66 2301 1133 2401; baseline -0.002 -22"><span class='ocrx_word' id='word_1_80' title='bbox 66 2313 89 2347; x_wconf 76' lang='lat'>‘⁶</span> <span class='ocrx_word' id='word_1_81' title='bbox 109 2301 273 2379; x_wconf 83' lang='lat' dir='ltr'>Credula</span> <span class='ocrx_word' id='word_1_82' title='bbox 286 2301 443 2379; x_wconf 83' lang='lat' dir='ltr'>dimidio</span> <span class='ocrx_word' id='word_1_83' title='bbox 454 2303 614 2390; x_wconf 69' lang='lat' dir='ltr'>tannim,</span> <span class='ocrx_word' id='word_1_84' title='bbox 635 2301 886 2400; x_wconf 87' lang='lat' dir='ltr'>quodcunque</span> <span class='ocrx_word' id='word_1_85' title='bbox 897 2327 964 2401; x_wconf 89' lang='lat' dir='ltr'>per</span> <span class='ocrx_word' id='word_1_86' title='bbox 981 2304 1111 2377; x_wconf 88' lang='lat' dir='ltr'>urbem</span> <span class='ocrx_word' id='word_1_87' title='bbox 1132 2394 1133 2399; x_wconf 5' lang='grc' dir='ltr'>ἵ</span> 
     </span>
     <span class='ocr_line' id='line_1_14' title="bbox 62 2449 1068 2560; baseline 0.001 -34"><span class='ocrx_word' id='word_1_88' title='bbox 62 2464 88 2496; x_wconf 89' lang='grc'>“</span> <span class='ocrx_word' id='word_1_89' title='bbox 107 2451 222 2527; x_wconf 80' lang='lat' dir='ltr'><strong>Fama</strong></span> <span class='ocrx_word' id='word_1_90' title='bbox 239 2452 344 2533; x_wconf 84' lang='lat' dir='ltr'>serit:</span> <span class='ocrx_word' id='word_1_91' title='bbox 373 2452 464 2550; x_wconf 90' lang='lat' dir='ltr'>quin</span> <span class='ocrx_word' id='word_1_92' title='bbox 481 2464 569 2527; x_wconf 89' lang='lat' dir='ltr'>sunt</span> <span class='ocrx_word' id='word_1_93' title='bbox 585 2449 714 2560; x_wconf 71' lang='lat' dir='ltr'><strong>fucata</strong></span> <span class='ocrx_word' id='word_1_94' title='bbox 732 2450 974 2552; x_wconf 84' lang='lat' dir='ltr'><strong>Amaryllidis</strong></span> <span class='ocrx_word' id='word_1_95' title='bbox 992 2478 1068 2541; x_wconf 85' lang='lat' dir='ltr'>ora,</span> 
     </span>
     <span class='ocr_line' id='line_1_15' title="bbox 63 2597 1111 2696; baseline 0 -22"><span class='ocrx_word' id='word_1_96' title='bbox 63 2607 91 2646; x_wconf 80' lang='lat'>‘⁶</span> <span class='ocrx_word' id='word_1_97' title='bbox 109 2599 233 2675; x_wconf 86' lang='lat' dir='ltr'>Crede</span> <span class='ocrx_word' id='word_1_98' title='bbox 249 2599 353 2686; x_wconf 87' lang='lat' dir='ltr'>mihi,</span> <span class='ocrx_word' id='word_1_99' title='bbox 379 2597 557 2696; x_wconf 82' lang='lat' dir='ltr'>falsaeque</span> <span class='ocrx_word' id='word_1_100' title='bbox 574 2623 708 2672; x_wconf 82' lang='lat' dir='ltr'>comae:</span> <span class='ocrx_word' id='word_1_101' title='bbox 737 2598 814 2686; x_wconf 88' lang='lat' dir='ltr'>sed,</span> <span class='ocrx_word' id='word_1_102' title='bbox 834 2599 947 2696; x_wconf 89' lang='lat' dir='ltr'>(proh</span> <span class='ocrx_word' id='word_1_103' title='bbox 965 2599 1071 2674; x_wconf 86' lang='lat' dir='ltr'>dolor</span> <span class='ocrx_word' id='word_1_104' title='bbox 1082 2599 1111 2694; x_wconf 74' lang='lat'>1)</span> 
     </span>
     <span class='ocr_line' id='line_1_16' title="bbox 213 2750 294 2849; baseline 0.037 -28"><span class='ocrx_word' id='word_1_105' title='bbox 213 2750 294 2849; x_wconf 84' lang='lat' dir='ltr'>ipsa</span> 
     </span>
     <span class='ocr_line' id='line_1_17' title="bbox 60 2893 1209 2994; baseline 0.003 -24"><span class='ocrx_word' id='word_1_106' title='bbox 60 2904 89 2940; x_wconf 89' lang='lat'><strong>“</strong></span> <span class='ocrx_word' id='word_1_107' title='bbox 110 2896 299 2972; x_wconf 84' lang='lat' dir='ltr'>Horresco</span> <span class='ocrx_word' id='word_1_108' title='bbox 315 2893 492 2985; x_wconf 87' lang='lat' dir='ltr'>referens,</span> <span class='ocrx_word' id='word_1_109' title='bbox 508 2895 620 2976; x_wconf 81' lang='lat' dir='ltr'>modb</span> <span class='ocrx_word' id='word_1_110' title='bbox 632 2895 734 2994; x_wconf 91' lang='lat' dir='ltr'>quod</span> <span class='ocrx_word' id='word_1_111' title='bbox 750 2896 915 2971; x_wconf 80' lang='lat' dir='ltr'>narravit</span> <span class='ocrx_word' id='word_1_112' title='bbox 928 2896 1047 2973; x_wconf 81' lang='lat' dir='ltr'>amica</span> <span class='ocrx_word' id='word_1_113' title='bbox 1060 2903 1110 2982; x_wconf 83' lang='lat'>30</span> <span class='ocrx_word' id='word_1_114' title='bbox 1205 2922 1209 2930; x_wconf 63' lang='lat'>¹</span> 
     </span>
     <span class='ocr_line' id='line_1_18' title="bbox 61 3043 1054 3146; baseline 0.001 -24"><span class='ocrx_word' id='word_1_115' title='bbox 61 3057 87 3090; x_wconf 91' lang='lat'><strong>“</strong></span> <span class='ocrx_word' id='word_1_116' title='bbox 107 3046 308 3123; x_wconf 80' lang='lat' dir='ltr'>Parthenia</span> <span class='ocrx_word' id='word_1_117' title='bbox 323 3043 540 3132; x_wconf 67' lang='lat' dir='ltr'>infandum</span> <span class='ocrx_word' id='word_1_118' title='bbox 566 3057 752 3120; x_wconf 82' lang='lat' dir='ltr'>maternos</span> <span class='ocrx_word' id='word_1_119' title='bbox 770 3059 882 3122; x_wconf 85' lang='lat' dir='ltr'>noete</span> <span class='ocrx_word' id='word_1_120' title='bbox 898 3059 1054 3146; x_wconf 84' lang='lat' dir='ltr'>penates</span> 
     </span>
     <span class='ocr_line' id='line_1_19' title="bbox 63 3193 1107 3293; baseline 0.002 -23"><span class='ocrx_word' id='word_1_121' title='bbox 63 3206 87 3239; x_wconf 75' lang='lat'>‘⁴</span> <span class='ocrx_word' id='word_1_122' title='bbox 105 3193 649 3292; x_wconf 84' lang='lat' dir='ltr'>Flaviacumservofugit.”-“</span> <span class='ocrx_word' id='word_1_123' title='bbox 667 3193 1107 3293; x_wconf 79' lang='lat' dir='ltr'>Prohtemporaimores,</span> 
     </span>
     <span class='ocr_line' id='line_1_20' title="bbox 62 3339 1078 3444; baseline 0 -24"><span class='ocrx_word' id='word_1_124' title='bbox 62 3355 87 3390; x_wconf 81' lang='lat'>‘⁶</span> <span class='ocrx_word' id='word_1_125' title='bbox 107 3344 212 3420; x_wconf 88' lang='lat' dir='ltr'>Heu!</span> <span class='ocrx_word' id='word_1_126' title='bbox 239 3346 351 3444; x_wconf 71' lang='lat' dir='ltr'>quim</span> <span class='ocrx_word' id='word_1_127' title='bbox 367 3343 503 3419; x_wconf 81' lang='lat' dir='ltr'>mutati</span> <span class='ocrx_word' id='word_1_128' title='bbox 521 3346 542 3416; x_wconf 73' lang='grc' dir='ltr'>ὲ</span> <span class='ocrx_word' id='word_1_129' title='bbox 558 3345 711 3419; x_wconf 86' lang='lat' dir='ltr'>nostris:</span> <span class='ocrx_word' id='word_1_130' title='bbox 729 3339 813 3442; x_wconf 73' lang='lat' dir='ltr'>jam</span> <span class='ocrx_word' id='word_1_131' title='bbox 831 3342 934 3423; x_wconf 81' lang='lat' dir='ltr'>nulla</span> <span class='ocrx_word' id='word_1_132' title='bbox 951 3344 1078 3420; x_wconf 91' lang='lat' dir='ltr'>decori</span> 
     </span>
     <span class='ocr_line' id='line_1_21' title="bbox 60 3490 1109 3593; baseline 0.004 -24"><span class='ocrx_word' id='word_1_133' title='bbox 60 3507 85 3540; x_wconf 89' lang='lat'><strong>“</strong></span> <span class='ocrx_word' id='word_1_134' title='bbox 104 3494 323 3593; x_wconf 87' lang='lat' dir='ltr'>Virginibus</span> <span class='ocrx_word' id='word_1_135' title='bbox 341 3520 431 3573; x_wconf 85' lang='lat' dir='ltr'>cura</span> <span class='ocrx_word' id='word_1_136' title='bbox 448 3505 516 3582; x_wconf 89' lang='lat' dir='ltr'>est,</span> <span class='ocrx_word' id='word_1_137' title='bbox 534 3493 744 3568; x_wconf 86' lang='lat' dir='ltr'>reverentia</span> <span class='ocrx_word' id='word_1_138' title='bbox 760 3490 863 3568; x_wconf 81' lang='lat' dir='ltr'><strong>nulla</strong></span> <span class='ocrx_word' id='word_1_139' title='bbox 879 3497 1109 3593; x_wconf 62' lang='lat' dir='ltr'>parentum?</span> 
     </span>
     <span class='ocr_line' id='line_1_22' title="bbox 108 3642 1106 3742; baseline 0.002 -26"><span class='ocrx_word' id='word_1_140' title='bbox 108 3642 263 3718; x_wconf 84' lang='lat' dir='ltr'>Talibus</span> <span class='ocrx_word' id='word_1_141' title='bbox 281 3643 379 3719; x_wconf 87' lang='lat' dir='ltr'>inter</span> <span class='ocrx_word' id='word_1_142' title='bbox 396 3669 435 3718; x_wconf 86' lang='lat' dir='ltr'>se</span> <span class='ocrx_word' id='word_1_143' title='bbox 452 3642 620 3742; x_wconf 84' lang='lat' dir='ltr'>gaudent</span> <span class='ocrx_word' id='word_1_144' title='bbox 637 3642 869 3717; x_wconf 88' lang='lat' dir='ltr'>sermonibus</span> <span class='ocrx_word' id='word_1_145' title='bbox 887 3643 943 3717; x_wconf 79' lang='lat' dir='ltr'>uti</span> <span class='ocrx_word' id='word_1_146' title='bbox 1055 3645 1106 3718; x_wconf 78' lang='lat'>35</span> 
     </span>
     <span class='ocr_line' id='line_1_23' title="bbox 57 3791 909 3892; baseline 0.001 -26"><span class='ocrx_word' id='word_1_147' title='bbox 57 3791 240 3867; x_wconf 86' lang='lat' dir='ltr'>Foeminei</span> <span class='ocrx_word' id='word_1_148' title='bbox 257 3817 339 3868; x_wconf 88' lang='lat' dir='ltr'>sero</span> <span class='ocrx_word' id='word_1_149' title='bbox 356 3817 501 3892; x_wconf 81' lang='lat' dir='ltr'>semper</span> <span class='ocrx_word' id='word_1_150' title='bbox 519 3792 588 3869; x_wconf 90' lang='lat' dir='ltr'>sub</span> <span class='ocrx_word' id='word_1_151' title='bbox 605 3815 759 3892; x_wconf 88' lang='lat' dir='ltr'>vespere</span> <span class='ocrx_word' id='word_1_152' title='bbox 777 3804 909 3880; x_wconf 88' lang='lat' dir='ltr'>coetus,</span> 
     </span>
     <span class='ocr_line' id='line_1_24' title="bbox 58 3936 949 4038; baseline -0.002 -24"><span class='ocrx_word' id='word_1_153' title='bbox 58 3939 163 4033; x_wconf 81' lang='lat' dir='ltr'>Dum</span> <span class='ocrx_word' id='word_1_154' title='bbox 180 3939 299 4017; x_wconf 77' lang='lat' dir='ltr'>Theae</span> <span class='ocrx_word' id='word_1_155' title='bbox 314 3939 434 4015; x_wconf 83' lang='lat' dir='ltr'>libant</span> <span class='ocrx_word' id='word_1_156' title='bbox 448 3937 635 4024; x_wconf 68' lang='lat' dir='ltr'>fumantia</span> <span class='ocrx_word' id='word_1_157' title='bbox 651 3936 803 4038; x_wconf 79' lang='lat' dir='ltr'>poeula:</span> <span class='ocrx_word' id='word_1_158' title='bbox 831 3950 870 4013; x_wconf 80' lang='lat' dir='ltr'>at</span> <span class='ocrx_word' id='word_1_159' title='bbox 886 3938 949 4014; x_wconf 83' lang='lat' dir='ltr'>ille</span> 
     </span>
     <span class='ocr_line' id='line_1_25' title="bbox 53 4081 954 4200; baseline 0.001 -42"><span class='ocrx_word' id='word_1_160' title='bbox 53 4085 184 4183; x_wconf 79' lang='lat' dir='ltr'>Elysio</span> <span class='ocrx_word' id='word_1_161' title='bbox 201 4085 418 4200; x_wconf 75' lang='lat' dir='ltr'>Divbmque</span> <span class='ocrx_word' id='word_1_162' title='bbox 436 4082 582 4160; x_wconf 81' lang='lat' dir='ltr'>fruatur</span> <span class='ocrx_word' id='word_1_163' title='bbox 598 4098 763 4172; x_wconf 81' lang='lat' dir='ltr'>nectare,</span> <span class='ocrx_word' id='word_1_164' title='bbox 789 4081 954 4183; x_wconf 83' lang='lat' dir='ltr'>quisquis</span> 
     </span>
     <span class='ocr_line' id='line_1_26' title="bbox 534 4237 602 4305; baseline 0 0"><span class='ocrx_word' id='word_1_165' title='bbox 534 4237 602 4305; x_wconf 71' lang='lat' dir='ltr'>&#39;os</span> 
     </span>
    </p>
   </div>
   <div class='ocr_carea' id='block_1_4' title="bbox 0 0 1328 4868">
    <p class='ocr_par' dir='ltr' id='par_1_4' title="bbox 0 0 1328 4868">
     <span class='ocr_line' id='line_1_27' title="bbox 0 0 1328 4868; baseline 0 0"><span class='ocrx_word' id='word_1_166' title='bbox 0 0 1328 4868; x_wconf 95' lang='lat' dir='ltr'> </span> 
     </span>
    </p>
   </div>
  </div>
 </body>
</html>
