2648 4868
215 407 271 509 72
521 434 651 503 uusrn
679 436 934 491 uuounusns.

215 617 279 692 Sat
295 617 414 692 lentas
432 616 525 692 sded
542 619 750 694 numeravit
767 618 954 719 Georgius
971 617 1092 706 horas,

263 764 327 838 Sat
344 788 423 838 sese
440 764 479 836 in
496 762 677 864 lacrymas
694 764 843 840 conscia
860 763 970 849 soluit
986 763 1123 839 hiems:
1198 768 1248 836 20

213 909 343 1009 Nupta
353 911 479 1002 venit3
498 911 713 986 nimiae‘tibi
726 920 884 996 cessent,
903 933 1047 1008 sponse,
1067 908 1245 1008 querelae3

262 1052 384 1131 Indue
401 1057 597 1131 odoratum
609 1057 747 1154 gaudia
763 1080 877 1130 verna
893 1054 1024 1129 solum.

27 1268 30 1275 .
167 1222 184 1240 ⁸
213 1201 274 1276 sie
291 1201 372 1288 tibi,
399 1202 656 1300 virtutumque
673 1201 789 1276 haeres
807 1203 1017 1300 sceptrique
1033 1202 1196 1302 paterni,

262 1347 476 1446 Ingreditur
494 1360 635 1423 castum
654 1360 755 1423 casta
770 1347 895 1446 puella
911 1359 1047 1426 torum.

210 1495 306 1572 Urat
325 1495 477 1595 Hymen
494 1520 647 1583 sacram,
675 1495 771 1585 tedis
787 1494 958 1570 felicibus
976 1506 1059 1570 urat
1200 1503 1247 1569 2⁵

260 1643 461 1744 Lampadas,
490 1658 529 1720 et
546 1643 712 1719 arridens
728 1655 815 1717 vota
832 1643 1013 1718 secundet
1031 1641 1164 1717 Amor.

212 1787 282 1863 Illa
298 1800 364 1865 tua
381 1800 449 1876 est,
478 1789 667 1888 Princeps,
695 1813 778 1886 quae
794 1788 932 1863 blando
948 1787 1107 1887 impulsa
1122 1784 1249 1863 furore

260 1935 438 2012 Deseruit
454 1937 592 2036 patrios
610 1935 733 2035 (flevit
749 1936 864 2032 itura)
882 1934 993 2010 lares:

211 2083 314 2160 Pone
332 2097 468 2170 metus,
487 2083 677 2173 Carolina;
697 2087 760 2156 tut
778 2095 834 2157 est
851 2083 898 2159 de
916 2053 1044 2181 stirpe,
1054 2093 1249 2157 recentem

264 2231 340 2322 Qui
357 2229 558 2329 lacrymam
576 2226 745 2327 apposito
762 2228 924 2301 suaviter
936 2252 1000 2301 ore
1016 2226 1121 2325 legit.
1192 2233 1246 2322 [30

209 2376 295 2451 Nec
311 2376 457 2466 tantum
472 2374 630 2472 ingenui
648 2372 746 2470 quod
765 2372 865 2447 culta
881 2398 921 2447 es
938 2373 1102 2448 moribus
1117 2372 1203 2459 aevi,
1241 2400 1247 2439 :

259 2522 342 2598 Nec
358 2547 456 2622 gena
472 2521 573 2621 quod
588 2521 726 2621 pulcris
742 2520 906 2620 pulcrior
921 2521 986 2595 illa
1001 2521 1150 2617 genis„

208 2670 259 2746 Et
276 2670 459 2746 desiderio
477 2669 652 2769 mollique
669 2668 824 2742 indulsit
841 2670 968 2757 amori,

258 2817 309 2890 Et
325 2816 492 2892 nondum
509 2817 715 2915 inspectam
733 2814 921 2928 Georgius
938 2816 1028 2925 arsit
1044 2790 1170 2901 heram
1179 2845 1192 2909 5

102 3006 108 3018 ·
212 2944 371 3036 Mutuus
389 2961 533 3036 exultat
551 2973 711 3060 cognato
728 2961 767 3033 in
785 2985 939 3060 corpore
957 2964 1121 3062 sanguis,
1200 2969 1250 3041 85

259 3106 362 3181 Hinc
378 3108 454 3184 ima
470 3106 638 3182 incendit
655 3118 807 3182 mutuus
824 3133 906 3182 ossa
924 3108 1034 3184 calor.

211 3256 324 3344 Quod
340 3255 436 3330 male
452 3256 482 3329 si
499 3280 617 3330 vacuo
628 3252 808 3353 jacuisses
826 3253 904 3328 sola
920 3255 1046 3343 cubili,
1075 3244 1078 3248 ’

210 3483 216 3496 ,
257 3402 334 3476 Vix
352 3414 417 3477 tua
433 3402 472 3476 in
490 3402 653 3477 externis
670 3399 769 3475 fama
787 3413 935 3475 sonaret
951 3401 1066 3498 agris3

210 3549 293 3625 Nec
309 3548 406 3623 bene
423 3558 513 3622 nota
528 3545 612 3636 fuit,
641 3547 730 3621 dum
749 3545 884 3623 Thami
903 3546 1037 3622 coelibe·
1052 3546 1173 3622 fluctu

260 3693 407 3767 Innuba
423 3693 564 3768 vicinas
575 3693 744 3793 junxerit
762 3694 831 3768 Isis
849 3719 979 3792 aquas:
1188 3702 1252 3771 40

210 3838 347 3918 Nobile
363 3839 406 3914 fit
423 3840 536 3927 coitu,
565 3852 604 3913 et
619 3808 801 3914 bacchato
819 3841 857 3913 in
875 3841 1041 3939 margine
1059 3840 1200 3918 flumen

257 3987 379 4066 Audit
396 3985 590 4064 inassuetis
606 3986 709 4089 regia
725 3983 820 4064 festa
836 3987 967 4066 modis.
