2648 4868
392 430 524 536 musra
552 476 810 536 nrounusna
1036 430 1118 541 2⁴59

70 817 73 820 -
401 800 657 842 ossunnuesuus
680 801 785 843 sunus.

73 885 189 962 Bayley.
926 960 929 966 .
948 903 974 946 Α.
991 884 1117 957 01:95,

489 1022 690 1064 a

70 1167 255 1329 Uunroue
273 1214 428 1291 subtiles
445 1241 572 1293 rerum
590 1216 812 1316 corpuscula
828 1229 953 1292 motus

69 1326 275 1463 Excipiunt
289 1364 462 1452 tremula,
475 1377 529 1440 et
547 1364 708 1440 vibranti
723 1365 890 1464 percitus
907 1377 970 1439 aer

71 1493 248 1587 Fluctuat
263 1512 426 1613 impulsu
443 1496 643 1602 undarum,
670 1515 806 1613 quibus
822 1540 913 1589 aura
934 1515 1116 1591 resultans

36 1650 45 1659 ’
71 1661 208 1738 Pandit
224 1663 297 1738 iter
312 1662 511 1762 liquidum,
536 1686 740 1762 vacuasque
758 1662 932 1766 allabitur
946 1665 1029 1738 auri
1089 1694 1092 1699 ·

70 1813 256 1888 Assiduus
273 1825 394 1900 tenor,
422 1826 461 1886 et
478 1811 726 1912 zephyrorum
739 1810 899 1887 sensifer
913 1825 1038 1888 aestus.
1056 1842 1062 1853 ¹
1085 1823 1119 1893 ,5

71 1967 175 2042 Hinc
193 1968 317 2041 animo
335 1991 447 2041 sonus
464 1966 672 2055 advehitur,
699 1992 844 2067 perque
853 1968 934 2047 ima
951 1968 1095 2044 cerebri
1130 2014 1134 2022 -

70 2112 255 2202 Claustra,
281 2138 350 2214 per
365 2113 568 2216 implicitos
584 2117 710 2192 vivata
725 2117 901 2221 indagine
919 2141 1054 2193 nervos

71 2262 236 2338 Ductilis
255 2263 422 2338 exoritur
439 2288 585 2358 sensus3
615 2291 682 2342 seu
697 2267 842 2344 lubrica
857 2269 989 2345 furtim

72 2408 270 2507 Murmura
288 2438 326 2488 se
344 2414 547 2503 insinuent,
576 2440 642 2491 seu
659 2417 766 2492 radat
784 2417 955 2494 dissonus
977 2419 1117 2499 horror.
1233 2502 1236 2514 ,

73 2561 284 2673 Quemnam
302 2561 389 2636 ideo
406 2561 519 2636 finem
536 2565 668 2639 auditu
692 2590 894 2665 causasque
915 2568 1130 2669 modosque
1229 2668 1232 2673 Α

70 2710 228 2785 Daedala
245 2721 388 2785 naturae
405 2683 550 2799 manus,
578 2720 616 2787 et
634 2711 761 2786 divina
776 2711 936 2790 facultas
1063 2726 1116 2794 -11

21 2959 27 2977 .
72 2857 245 2947 Addidit,
262 2858 479 2972 expediam3
498 2884 622 2961 neque
636 2860 735 2936 enim
747 2861 926 2962 positura,
938 2866 1121 2942 necauris

72 3008 206 3083 Forma
224 3009 377 3110 duplex,
405 3022 471 3085 aut
488 3012 583 3086 miro
600 3013 717 3111 aptati
735 3037 782 3087 ex
801 3013 931 3089 ordine
945 3014 1095 3105 *flexus‚,
1119 3046 1122 3053 ⁴

73 3121 294 3260 Tenuiaque
312 3160 469 3235 internae
488 3160 666 3235 sileantur
683 3172 789 3235 texta
806 3160 990 3238 fenestrae.

124 3308 314 3408 Principio
332 3308 481 3383 sinuosa
498 3309 630 3383 bibens
647 3307 901 3383 modulamina
916 3336 1054 3387 vocum
1073 3321 1127 3387 15·

77 3456 257 3531 Exeritur
273 3457 424 3532 Innatus
442 3455 555 3546 helix,
574 3444 751 3556 mollique
768 3455 929 3533 refracta

73 3603 247 3679 Circuitu
264 3605 445 3681 intortum
463 3606 683 3681 transmittit
701 3606 845 3681 concha
862 3609 930 3682 sub
948 3608 1119 3706 alvdum3

71 3753 185 3830 Levis
202 3779 257 3843 ea,
284 3779 329 3830 ac
347 3754 478 3845 facilia,
497 3757 674 3856 varioque
691 3756 854 3832 obnoxia
871 3771 994 3836 tactu:

73 3907 190 3983 Haud
207 3906 295 3983 alias
313 3909 438 3984 Siculo
455 3912 522 3986 sub
540 3910 684 3987 fornice
703 3911 871 4001 carceris,
899 3913 963 3988 ille
1055 3996 1059 4003 ¹

73 4056 314 4155 Ingeminans
331 4079 454 4146 sanor,
480 4071 520 4134 et
535 4056 604 4133 feti
622 4060 783 4136 clamore
801 4064 952 4138 susurri.
1068 4069 1119 4138 20

563 4213 624 4285 st
