2648 4868
131 438 215 517 248
437 460 569 515 unsre
598 458 854 514 nnournsrs.

132 645 264 720 Castra
281 667 394 719 senex
411 643 558 745 linquat
575 642 692 731 miles,
719 643 961 743 gladiumque
978 655 1157 743 reponam

181 793 241 867 Ne
258 791 364 867 fallat
380 817 493 868 vanas
509 791 689 891 languida
705 793 839 868 dextra
855 794 987 868 minas.

132 941 264 1018 Laude
281 954 383 1016 satur
399 953 515 1030 vates,
534 942 638 1017 senio
654 942 874 1041 obrepente,
901 940 1084 1016 Camenis

181 1092 392 1192 Suspendat
408 1093 535 1168 tacitae
551 1092 613 1166 fila
630 1104 775 1167 sacrata
790 1090 891 1191 lyrae.
925 1112 935 1127 ·

134 1239 250 1331 Quid,
270 1239 407 1326 rhetor,
427 1239 496 1315 tibi
514 1266 600 1314 cum
619 1241 761 1315 causis?
786 1239 989 1315 extrudere
1007 1242 1180 1316 verba&

183 1389 257 1464 Cui
273 1390 337 1463 vix
353 1387 483 1487 lingua
499 1388 642 1463 haerens
661 1389 855 1464 dimidiata
870 1400 1011 1489 potest.

38 1563 51 1583 ·
134 1538 239 1626 Quid
249 1536 370 1636 juvat,
401 1535 593 1625 Hortensi,
618 1536 785 1637 requiem
803 1537 980 1612 invidisse
998 1545 1181 1615 senectae?

184 1686 330 1762 Addita
345 1698 434 1761 sunt
452 1685 565 1784 capiti
583 1711 667 1784 quae
684 1711 782 1761 novn
799 1700 899 1761 serto
915 1695 1009 1762 tuo?

134 1837 205 1925 En,
237 1837 303 1911 ubi
320 1834 530 1922 Timoleon,
559 1834 639 1935 jam
658 1846 789 1935 captus
805 1834 960 1925 lumine,
989 1839 1132 1913 sensim

182 1984 390 2061 Consenuit
408 1982 553 2073 Siculis,
579 2008 654 2057 non
673 1983 752 2057 sine
769 1982 893 2071 laude,
918 1986 1056 2086 plagis,
1135 1992 1181 2063 80

140 2136 275 2211 Audax
291 2135 458 2235 privatus
475 2132 633 2233 placidae
650 2134 846 2233 indulgere
863 2135 983 2237 quieti

186 2283 433 2358 Commissum
451 2281 596 2380 imperii
614 2293 746 2380 sponte
764 2282 915 2381 reliquit
930 2308 1042 2359 onus.

139 2429 225 2515 Hic,
253 2427 364 2502 modo
382 2426 531 2503 servitio
550 2453 639 2527 quas
656 2428 735 2526 ipse
753 2441 956 2519 exemerat,
983 2433 1098 2508 urbes

186 2576 246 2655 Ex
263 2575 406 2651 damnis
422 2575 543 2675 largas
561 2577 698 2652 ducere
715 2578 812 2653 vidit
828 2604 935 2677 opem

140 2725 351 2837 Audiit-hic
367 2751 549 2801 memores
564 2725 727 2825 plausus,
747 2727 808 2801 hle
825 2737 915 2801 vota
930 2751 1108 2822 suorum
1134 2734 1182 2805 35

188 2873 264 2948 Hic
280 2875 435 2948 meritus
452 2873 596 2949 senium
614 2873 739 2948 nobile
756 2872 877 2957 cinxit
892 2873 1026 2953 honor.
