2648 4868
216 428 272 527 74
328 488 330 493 .
524 449 654 506 musar
683 449 941 507 monuisses.

487 815 585 893 ngieov
596 811 638 891 pir
650 811 728 882 φωτός
739 807 855 888 δεόμεθα,
874 813 889 872 ὃ
901 812 960 891 alpia

601 947 624 998 ol
636 937 689 999 &ml
701 938 848 1017 wagixrm.

638 1270 836 1308 a

214 1533 354 1608 Duucrr
371 1540 428 1605 est
443 1528 673 1604 flammiferae
690 1528 880 1603 rutilantia
897 1526 973 1602 tela
990 1526 1065 1601 diei

213 1679 441 1778 Prospicere,
468 1688 580 1777 atque
598 1676 714 1750 oculis
733 1675 817 1750 coeli
834 1700 902 1775 per
919 1686 1048 1773 aperta
1064 1675 1191 1774 vagari

214 1826 394 1903 Tristitiae
410 1825 581 1909 oblitum,
608 1824 805 1924 studioque
824 1824 1007 1899 calescere
1026 1825 1115 1898 veri.

262 1976 345 2051 Nec
363 1988 488 2051 tamen
500 1973 708 2072 expediam,
725 1998 808 2071 quoe
819 1972 960 2046 lumine
972 1983 1077 2046 tanta
1087 1984 1252 2072 potestas

197 2122 392 2197 ¹Vestierit
410 2119 576 2193 deforme
596 2119 730 2205 Chaos
758 2119 952 2217 noctisque
969 2121 1143 2196 tenebras
1183 2136 1186 2145 '
1225 2126 1250 2192 5

213 2269 426 2366 Primigeno
437 2266 570 2365 jubare
587 2266 745 2356 ornarit3
772 2265 928 2339 mortale
946 2265 1087 2341 fatiscit

212 2412 424 2513 Ingenium,
443 2413 675 2511 primamque
692 2413 823 2510 nequit
836 2413 1065 2510 deprendere
1080 2434 1247 2487 causam:

110 2576 113 2583 ’
212 2560 291 2634 Scit
307 2571 433 2633 tamen
450 2558 550 2633 unde
568 2558 671 2646 fluat,
699 2559 770 2635 scit
786 2583 860 2632 vox
878 2570 921 2631 ut
938 2558 1000 2631 dia
1017 2559 1178 2633 creatrix

211 2707 237 2784 J
239 2707 370 2782 usserit
387 2707 512 2782 enasci
528 2706 669 2783 lumen.
721 2705 838 2780 Simul
856 2704 975 2778 edidit
992 2703 1115 2778 Orcus

211 2851 336 2926 Triste
346 2876 480 2926 sonans
490 2853 924 2950 gemitum‚centumque
935 2851 1112 2948 remugiit
1122 2850 1247 2925 antris.

212 2996 395 3072 Protenus
413 3010 452 3070 at
469 2997 564 3071 coelo
582 2997 712 3071 mundi
730 2997 916 3070 nascentis
933 2996 1037 3095 origo
1203 3000 1244 3071 11

211 3143 341 3218 Aurea
356 3141 423 3215 lux
439 3143 600 3241 reperire
616 3144 728 3232 viam,
755 3156 795 3219 et
810 3143 1011 3241 primordia
1028 3167 1154 3217 rerum

209 3291 381 3389 Fingere,
408 3303 447 3365 et
464 3289 631 3365 albentes
646 3291 721 3366 late
738 3292 966 3390 distinguere
984 3301 1138 3364 tractus.
1239 3354 1242 3360 .

212 3441 362 3539 Quippe
378 3440 480 3539 prius
492 3441 596 3540 justo
614 3439 734 3515 caruit
749 3420 944 3511 libransshe
961 3435 1078 3510 moles

210 3585 397 3684 Impulsds
415 3585 518 3659 dubii
534 3586 691 3683 patiens,
711 3584 880 3684 jacuitve
897 3609 1031 3683 soporo
1203 3590 1247 3656 15
1287 3616 1291 3624 ·

210 3731 379 3806 Pondere
397 3731 580 3806 materies·
633 3730 797 3804 Levibus
815 3730 966 3803 tandem
987 3729 1114 3803 addita
1129 3729 1252 3832 virtus¹

210 3876 406 3953 Particulis
422 3877 537 3974 viget,
552 3887 600 3951 et
617 3874 777 3949 coeundi
792 3874 930 3951 blanda
946 3874 1122 3950 facultas:
1156 3902 1160 3907 ·

212 4021 339 4121 Atque
356 4022 471 4098 atomi
488 4046 614 4096 secum
631 4019 843 4120 glomerari,
868 4035 907 4097 et
924 4046 1089 4119 quaerere
1107 4022 1234 4098 sedem
