2648 4868
131 477 228 555 ⁴182
465 501 596 556 uuam
625 500 881 603 promanans.
939 466 942 473 ¹

137 685 314 784 Agmina
330 709 396 759 seu
414 710 512 760 saevo
528 712 674 786 pugnas
692 690 887 764 miscentia
902 685 1016 777 ferro,

144 836 420 934 lugentemque
438 835 541 910 dolet
557 823 724 912 confusae
741 838 874 937 stragis
892 860 1086 913 acervum.

26 1000 30 1023 ¹
146 981 184 1058 Ο
200 982 319 1070 rudia,
347 1007 564 1083 erroresque
580 985 681 1060 inter
696 984 823 1061 felicia
838 985 932 1061 tales

139 1129 286 1219 Litora,
313 1132 344 1205 si
361 1132 467 1207 vobis
485 1157 616 1208 suaves
634 1136 810 1210 torrentis
829 1135 979 1210 Abonae

96 1298 100 1306 '
147 1279 375 1356 Posthabitae
392 1282 546 1357 sordent
561 1283 673 1382 ripae:
701 1308 725 1358 o
743 1282 958 1358 dulcissima
973 1281 1055 1356 vati
1144 1288 1187 1359 50

148 1430 344 1507 Materies!
372 1430 611 1528 nequeenim
629 1455 677 1506 ex
695 1432 767 1506 alio
785 1431 854 1507 sibi
871 1429 978 1506 fonte
995 1428 1143 1505 furores

49 1610 56 1621 ·
97 1546 106 1561 ⁴
147 1576 314 1666 Effinxit
343 1575 563 1665 Macbetha,
589 1591 693 1670 tuos3
721 1579 808 1653 clim
827 1588 1046 1653 occurreret
1058 1577 1148 1653 atris

150 1730 246 1828 Saga
262 1730 488 1818 ministeriis,
515 1730 686 1828 tristique
704 1728 890 1802 horrenda
906 1725 1073 1826 repleret
1136 1756 1142 1763 ·
1170 1726 1179 1767 '³

150 1878 302 1978 Tesqua
311 1904 420 1964 sono;
435 1877 746 1977 autgeminaclrm
756 1876 901 1976 pridem
912 1875 1018 1950 caede
1029 1875 1190 1950 madenti

150 2030 246 2104 Dira
262 2028 331 2104 tibi
349 2027 491 2128 speculi
508 1988 675 2125 auguria,
702 2037 741 2107 et
757 2024 887 2099 rivalia
903 2034 1039 2122 regum
1137 2030 1190 2102 56

150 2179 305 2278 Spectra
322 2176 548 2261 futurorum,
574 2185 614 2248 et
630 2173 764 2272 longus
783 2138 1065 2273 splendesceret
1080 2174 1179 2250 ordo.

200 2324 303 2413 Quin
315 2348 397 2421 age,
408 2348 456 2396 ne
469 2327 551 2397 sert
560 2322 622 2396 hle
636 2322 826 2420 quondam
839 2324 907 2403 sub
920 2334 1051 2415 nocte,
1064 2323 1191 2410 viator,

151 2474 251 2548 Avia
267 2473 444 2548 deflectas
460 2472 636 2571 vestigia;
662 2497 744 2561 nec,
772 2473 856 2549 face
872 2472 973 2548 clari

151 2623 190 2698 Si
207 2623 322 2698 micat
337 2625 568 2720 accensique
583 2621 685 2696 volat
701 2647 818 2722 vapor
832 2623 965 2721 igneus
984 2627 1090 2710 antiq
1107 2654 1111 2659 ·

6 2765 10 2773 ’
152 2772 274 2847 Infido
290 2783 331 2845 te
347 2771 459 2846 crede
476 2770 584 2856 duci;
611 2770 706 2847 solet
722 2770 785 2845 ille
803 2771 1007 2870 malignam
1055 2826 1058 2833 .
1137 2767 1194 2843 ’60

152 2923 346 3020 Lampada
361 2946 428 3021 per
446 2921 591 3006 dumos,
617 2945 685 3018 per
702 2918 911 2995 deformata
927 2919 1089 3017 perenni
1182 2994 1188 3003 ,

18 3156 23 3169 ,
153 3072 294 3169 Stagna
311 3068 385 3144 situ
395 3069 555 3156 trahere,
569 3086 635 3143 aut
651 3067 762 3143 foedis
778 3068 862 3143 loca
877 3067 1000 3142 lurida
1013 3067 1195 3145 monstris.

204 3217 300 3303 Illic,
327 3217 357 3291 si
374 3241 448 3314 qua
464 3214 567 3302 fides,
596 3217 772 3291 obscoeni
789 3217 967 3316 Chelpius
984 3215 1076 3291 ulvt

154 3367 274 3441 Tecta
291 3363 393 3452 facit,
421 3364 483 3440 cui
501 3390 590 3440 cura
606 3364 720 3452 lactis,
748 3366 989 3463 ingentiaque
1007 3366 1125 3440 undoe

155 3514 328 3612 Imperia.
380 3512 417 3588 O
433 3515 551 3591 invise
569 3515 682 3602 Geni,
706 3515 779 3593 tibi
797 3538 895 3613 saepe
913 3524 1091 3589 sonantes
1152 3512 1194 3586 65

156 3662 227 3737 Per
246 3663 365 3737 Schiae
382 3663 565 3761 scopulos,
593 3676 805 3764 sanctaeque
821 3665 860 3736 in
877 3662 985 3738 litore
1004 3661 1154 3742 Childae

157 3809 282 3885 Multa
298 3812 377 3910 pias
395 3822 513 3885 mater
529 3812 710 3911 lacrymas
728 3811 899 3898 effirndit,
923 3811 1111 3910 inopsque

157 3961 294 4035 Rostra
311 3957 440 4034 dolens
458 3958 585 4034 avulsa
601 3970 640 4032 et
656 3957 794 4034 fractos
813 3959 939 4035 navita
954 3957 1067 4034 funes
1139 3952 1154 4053 ²,

156 4110 213 4184 Te
230 4133 369 4184 saevum
386 4110 426 4183 in
444 4109 520 4184 solt
536 4110 643 4187 sedet
659 4122 855 4188 execratus
872 4114 994 4188 arent.
1013 4150 1017 4155 ·
1067 4190 1071 4195 ,
1122 4124 1164 4157 u·
