2648 4868
459 463 588 517 musa
617 460 871 515 arournsus.
1124 433 1181 515 39

491 733 589 794 ¹curm
612 710 825 790 nursrronaa

144 820 251 877 Moore.
1006 833 1033 872 A.
1046 833 1077 873 o.
1094 821 1177 882 1785.

141 1055 236 1129 Cum
252 1064 388 1129 terram
405 1053 548 1151 liquido
564 1020 737 1153 amplexu
756 1049 992 1124 circumfluus
1009 1062 1088 1124 aer-

142 1200 310 1289 Ambiat,
338 1215 376 1276 et
392 1201 535 1300 gremio
553 1200 715 1274 diversos
732 1200 846 1276 ubere
863 1194 962 1272 fetus
1076 1277 1080 1285 ,

139 1349 296 1424 Nutriat
311 1350 517 1434 insinuans3
545 1350 703 1447 eumque
722 1348 809 1420 anni
826 1345 971 1420 mobilis
987 1347 1087 1425 idem
1148 1422 1152 1429 a

138 1496 334 1594 Mutatum
353 1498 467 1573 decus
484 1511 523 1572 et
539 1500 656 1572 varias
675 1497 903 1572 discriminet
919 1497 1044 1572 horas:

138 1647 228 1721 Non
245 1648 316 1721 erit
332 1648 528 1746 indignum
547 1646 681 1736 Musis,
707 1647 736 1719 si
755 1647 917 1720 carmine
937 1643 1007 1729 fari
1026 1742 1029 1749 Ι
1137 1655 1176 1731 Ι5

139 1798 365 1897 Aggrediar,
391 1825 481 1898 quas
499 1800 569 1872 rite
587 1800 698 1883 vices,
725 1800 830 1894 queis
847 1794 1012 1895 partibus
1029 1796 1127 1870 orbis

139 1943 225 2041 Ipse
244 1955 305 2015 aer
323 1944 472 2033 subeat3
499 1954 580 2014 tum
599 1965 681 2039 quae
700 1940 877 2037 praesagia
894 1964 1056 2028 servans,

141 2094 224 2167 Aut
241 2093 411 2178 imbrem,
438 2061 503 2167 aut
520 2092 637 2179 claros
654 2091 793 2189 poteris
810 2090 1026 2188 promittere
1045 2091 1152 2169 soles.
1255 2100 1259 2105 '

187 2241 353 2321 Primum
375 2241 502 2339 igitur,
529 2241 656 2314 sitiens
680 2244 752 2338 qua
775 2240 921 2313 flammat
942 2252 981 2317 et
1000 2239 1077 2315 sole
1092 2266 1177 2340 pro-

285 2392 427 2490 pinquo

137 2540 273 2617 Fervet
292 2538 425 2626 Arabe,
452 2538 504 2611 ibi
523 2563 610 2625 non,
637 2534 732 2611 coelo
750 2536 840 2610 dum
859 2536 972 2612 Sirius
990 2539 1108 2627 ardet,
1128 2545 1179 2618 10

138 2687 305 2803 AEstivos
322 2711 443 2760 rasere
461 2684 540 2759 noti
558 2686 756 2784 spiramine
773 2710 933 2784 campos,
1039 2713 1042 2717 ·

135 2812 283 2935 Jupiter
296 2848 366 2940 aut
382 2833 494 2934 pleno
512 2833 664 2911 stillavit
679 2833 836 2933 frigidus
856 2835 977 2909 imbri.

137 2984 276 3061 Lenior
293 2984 364 3057 hec
382 3009 548 3082 puroque
565 2984 661 3058 nitet
678 2985 902 3060 moderatior
919 2997 1013 3069 aestu

137 3137 264 3214 Italia:
291 3137 395 3217 haud·
409 3135 485 3218 illic
502 3136 661 3211 ridentia
678 3138 787 3212 nubis
804 3152 936 3237 opacat

135 3287 278 3362 Umbra
293 3284 421 3360 volans
438 3297 557 3385 prata,
575 3298 614 3359 et
631 3285 793 3384 zephyro
805 3287 869 3360 vix
888 3285 979 3363 silva
995 3301 1174 3381 susurrat,

137 3434 399 3534 Caeruleusque
417 3435 524 3534 polus
542 3435 672 3511 diffusi
689 3434 773 3520 luce
791 3437 959 3512 nitescit..
1127 3448 1174 3514 16

137 3583 210 3658 Ast
227 3582 306 3657 aliis
324 3609 468 3658 menses
484 3559 641 3683 propriis
658 3609 744 3658 eum
758 3581 940 3660 fructibus
957 3610 1075 3661 annus

137 3731 225 3806 Rite
243 3731 374 3826 refert5
402 3733 583 3830 horasque
602 3758 696 3820 suas,
723 3758 790 3811 sua
806 3745 975 3832 tempora
990 3739 1145 3811 norunt:

137 3877 322 3959 Imbribus
339 3891 534 3956 exercetur
550 3880 680 3969 hiems,
709 3894 747 3957 et
764 3881 902 3956 solibus
914 3882 1037 3959 'aesus
1072 3960 1075 3969 ,

135 4026 277 4102 Verbm
288 4028 352 4103 ubi
365 4027 545 4104 libertatis
556 4054 682 4105 amans
691 4029 892 4129 legumque
904 4031 1103 4107 Britannus
1120 4038 1170 4105 <20

228 4714 236 4726 Ι
