2648 4868
378 465 510 523 uusru
539 464 797 524 urouaususr
1052 435 1109 546 75
1227 546 1229 553 J

70 653 243 751 Quisque
256 674 385 738 usuam„
399 661 441 725 et
457 667 581 725 rerum
599 647 760 723 discerni
776 646 925 720 lucidus
941 645 1045 722 ordo.

74 800 216 883 Tenuis
234 798 332 876 enim
350 796 711 896 liquidisinustaeris
728 793 916 869 infinitum
1064 798 1113 864 20

75 943 295 1041 Porrigitur,
320 906 556 1042 tremuloque
566 941 679 1040 jubar
695 965 762 1040 per
778 939 903 1025 inania
919 948 1027 1014 motu
1106 959 1109 963 ·

76 1090 181 1190 Saepe
198 1061 458 1189 repercussum
475 1091 590 1188 gestit
608 1089 817 1164 diffundere
834 1089 954 1163 terris·

77 1237 172 1311 Inde
189 1237 254 1323 ubi
272 1235 488 1311 circumfert
506 1236 633 1311 oculos
650 1236 697 1310 de
714 1234 855 1310 vertice
874 1245 999 1332 pastor
1098 1242 1101 1248 '
1122 1216 1147 1257 ⁶

78 1384 203 1460 Aeria
220 1386 394 1485 speculae,
421 1411 571 1485 campos
589 1371 742 1460 metitur
760 1397 798 1460 et
816 1409 922 1459 auras

79 1532 283 1630 Prospectu
300 1530 414 1622 facili,
442 1545 481 1609 et
493 1520 605 1609 uariae
622 1532 869 1607 remoramina
886 1555 1008 1606 scenae
1068 1522 1121 1604 25

80 1679 294 1768 Pervolitat,
307 1758 310 1764 A
321 1706 529 1780 campoque
548 1681 680 1757 sedens
698 1681 912 1766 dominatur,
927 1692 1067 1779 aperto.
1109 1757 1112 1760 ,

128 1824 281 1901 Scilicet
297 1828 462 1901 aetheriae
479 1826 601 1900 mollis
619 1841 752 1902 natura
768 1829 905 1902 animai

80 1972 322 2070 Usqueadeo
338 1973 440 2048 haud
457 1985 560 2048 arcet
577 1975 801 2049 flammantis
819 1975 962 2074 spicula
976 1976 1072 2051 lucis

81 2117 247 2207 Reflexa‚
275 2121 465 2218 utrapido
482 2132 657 2219 properet
674 2122 926 2198 transmittere
944 2148 1066 2213 cursu,
1098 2109 1116 2139 ”

83 2267 134 2340 Et
148 2267 335 2342 radiorum
350 2270 429 2344 ictu
447 2271 621 2344 obscuras
635 2270 840 2346 accendere
857 2267 1005 2345 formas.
1073 2277 1123 2347 80

84 2414 172 2502 Non
188 2414 299 2514 parili
312 2414 486 2515 impulsu,
514 2418 652 2493 Partho
658 2417 862 2517 jaculante,
885 2414 1026 2516 sagitta

84 2564 229 2655 Evolat,
244 2577 323 2641 ⁴aut
340 2566 501 2642 volucris
519 2565 776 2665 properantior
794 2563 851 2637 ala
868 2561 1041 2662 procellae

83 2711 216 2787 Fertur
236 2713 473 2812 Hyperborei
491 2713 624 2791 durata
639 2736 708 2810 per
723 2734 874 2808 aequora
891 2711 1034 2808 campi;
1151 2784 1153 2791 ,

88 2858 171 2934 Aut
189 2863 398 2962 sonus-ipse
414 2861 515 2939 leves
533 2863 629 2937 citus
647 2836 758 2958 aeque
769 2858 941 2933 verberat
956 2882 1075 2933 aures.
1112 2864 1115 2869 ’
1146 2890 1147 2898 ¹

87 3006 191 3096 Quid
206 3006 299 3083 licet
314 3021 463 3085 emanet
481 3009 655 3083 Phoebeae
673 3034 693 3082 e
710 3007 816 3082 fonte
833 3017 978 3081 remoto
1076 2975 1126 3082 85
1265 3069 1267 3075 .

87 3153 300 3252 Lampadis‚
327 3169 366 3249 et
383 3156 500 3231 fluido
516 3168 662 3230 vastum
679 3180 746 3255 per
763 3157 874 3230 inane
890 3154 1018 3230 volatu

88 3300 277 3378 Immensa
294 3314 417 3379 tranet
435 3304 570 3400 spatia3
599 3314 637 3376 at
655 3301 822 3376 diffusilis
840 3301 974 3375 humor

90 3445 202 3524 Ilicet
219 3448 385 3525 albentes
403 3462 545 3526 tractus
561 3474 629 3548 per
647 3460 685 3523 et
702 3449 811 3522 obvia
828 3447 988 3524 claustra

22 3589 26 3593 ’
89 3596 260 3688 Diditur,
287 3600 522 3697 erumpitque
540 3621 672 3684 moras,
686 3610 890 3695 terrasque
906 3596 1077 3696 jacentes

90 3741 326 3832 Transeunt,
353 3746 512 3820 extremi
528 3745 689 3820 lustrans
707 3744 867 3820 confinia
884 3745 1026 3818 mundi.
1052 3779 1056 3786 ·
1081 3752 1131 3819 40

91 3887 221 3969 Fictus
238 3890 357 3966 atille
374 3893 471 3966 nitet
487 3891 570 3968 loca
586 3916 653 3992 per
670 3892 841 3967 sublimia
859 3891 1009 3978 candor,

92 4037 142 4116 Et
158 4039 337 4118 confessus
352 4041 471 4118 honos
488 4042 694 4135 radiorum;
721 4041 924 4116 innectitur
942 4064 1075 4123 aurum
1103 4042 1107 4051 ’
