2648 4868
146 446 234 527 236
461 472 594 527 unsa:
622 470 885 527 manaseas

143 655 307 754 Impune
322 654 554 754 aggreditur,
580 656 774 754 vetitoque
790 651 978 727 invadere
994 674 1118 751 passu
1232 728 1234 745 ,

145 800 388 881 Custoditnm
405 805 494 879 iter:
521 803 703 879 infractos
720 826 797 878 non
814 801 938 877 acrior
954 799 1100 877 hostes

143 952 360 1052 Insequitur
376 953 534 1054 Scytha3
562 954 593 1028 si
610 953 762 1052 qnando
777 951 839 1027 vel
855 974 993 1027 musea
1008 944 1188 1049 procacer'
1232 1014 1234 1021 .

143 1100 263 1176 Ludit
278 1126 395 1201 agens
410 1126 524 1202 gyros
535 1066 757 1202 plauditque
773 1100 1002 1175 sonantibus
1018 1098 1111 1190 alis,
1179 1106 1190 1135 ·’

143 1255 230 1330 Sive
245 1255 376 1330 oestiva
387 1254 500 1329 culex
511 1279 649 1330 vacuas
660 1278 778 1354 prope
794 1264 927 1331 aanor
938 1253 995 1329 ad
1007 1278 1143 1330 auras:
1158 1238 1196 1328 25

141 1404 251 1479 Illam
268 1404 531 1504 implorantem
549 1405 703 1479 dentata
719 1402 865 1503 forcipe
880 1414 1017 1478 custos

140 1550 329 1652 Occupat,
357 1565 396 1629 et
412 1578 539 1628 morsu
555 1554 698 1631 elidens
715 1554 813 1628 levia
828 1578 913 1629 ossa
928 1552 1092 1654 fatigat,
1191 1550 1196 1561 ’

143 1700 197 1776 Ηί
214 1700 294 1776 ludi
311 1701 508 1791 bellorum,
535 1714 650 1801 atque
662 1702 744 1777 haec
760 1664 945 1801 praeludia
962 1702 1125 1789 martia·
1174 1688 1182 1721 “’

142 1850 261 1925 Parva
278 1851 449 1949 quidem:
476 1851 546 1938 siu,
570 1875 681 1927 mane
696 1874 797 1925 novo
814 1851 902 1924 cum
918 1860 1008 1924 tota
1016 1830 1199 1950 juventuti

140 1999 311 2077 Effundit
328 2024 420 2088 sese,
447 2013 488 2074 et
504 2025 655 2098 campos
672 2000 768 2098 petit
785 2022 921 2096 agmen
939 2010 1114 2098 apertos,
1150 1984 1197 2072 dl)

140 2145 217 2220 Sub
235 2157 388 2219 noctem
406 2144 558 2219 insidias
574 2145 763 2243 praedator
782 2168 939 2219 araneus
956 2146 1059 2243 egit,

140 2296 363 2394 Tenuiaque
380 2297 539 2370 obsessa
555 2297 731 2395 opposuit
748 2323 816 2371 sua
832 2297 927 2372 retia
943 2284 1091 2396 portaej

140 2447 222 2520 Aut
238 2443 369 2517 nidum
387 2443 519 2519 effosso
534 2446 661 2544 posuit
678 2448 886 2521 scarabaeus
902 2446 942 2519 in
960 2459 1093 2536 antro,
1180 2432 1184 2489 1

96 2676 101 2687 ¹
138 2592 342 2669 Confidens
356 2593 464 2693 galea
480 2606 520 2670 et
536 2595 655 2696 piceae
671 2597 835 2672 thoracis
851 2597 1018 2690 amictu3
1067 2612 1072 2651 ³
1167 2584 1173 2595 ’

19 2836 27 2848 .
138 2742 316 2843 Undique
334 2742 518 2844 deprenso
534 2770 654 2843 genus
671 2745 850 2821 irritabile
867 2745 1049 2821 circum.
1145 2726 1192 2823 'of

139 2891 341 2967 Funditur:
358 2893 418 2966 hae
434 2904 543 2990 tergo
559 2893 741 2981 insiliunt,
761 2894 821 2966 hae
838 2895 1013 2968 cruribus
1030 2892 1193 2982 lraerenf,'

139 3016 325 3113 Cornibus¹
342 3039 403 3115 hae
418 3040 598 3140 pendent,
613 3040 820 3140 duramque
838 3004 1189 3144 proboscidapren·

286 3200 380 3263 sant.

137 3333 207 3415 Ille
223 3336 403 3434 giganteo
419 3349 572 3413 tenuem
591 3340 787 3417 conamine
805 3340 953 3414 turbam

136 3483 271 3557 Secum
290 3483 412 3559 aufert
427 3482 593 3584 fugiens:
619 3498 841 3586 veteresque
858 3483 880 3558 d
895 3486 1053 3561 'sedibus
1068 3486 1157 3563 imis

135 3629 279 3730 Dejicit
294 3631 458 3707 innitens
474 3645 613 3733 portas,
640 3646 752 3734 atque
769 3641 908 3734 aggere
924 3646 1043 3734 rupta
1139 3642 1189 3711 40

134 3779 255 3868 Eruit,
283 3793 322 3855 et
338 3795 460 3857 vastas
476 3784 643 3860 devolvit
659 3784 764 3860 calce
779 3785 917 3858 ruinas.

134 3927 305 4029 Apparet
320 3930 454 4006 domus
470 3933 583 4021 intus,
611 3946 650 4010 et
667 3935 853 4033 indigesta
869 3933 1086 4012 dehiscunt.¹
1149 3960 1152 3965 -
1175 3938 1191 3987 :⁴

135 4077 318 4153 Culmina.

331 4276 364 4355 ,ἱ
479 4267 482 4274 ,
