<?xml version="1.0" encoding="UTF-8"?>
<!DOCTYPE html PUBLIC "-//W3C//DTD XHTML 1.0 Transitional//EN"
    "http://www.w3.org/TR/xhtml1/DTD/xhtml1-transitional.dtd">
<html xmlns="http://www.w3.org/1999/xhtml" xml:lang="en" lang="en">
 <head>
  <title>
</title>
<meta http-equiv="Content-Type" content="text/html;charset=utf-8" />
  <meta name='ocr-system' content='tesseract 3.04.00' />
  <meta name='ocr-capabilities' content='ocr_page ocr_carea ocr_par ocr_line ocrx_word'/>
</head>
<body>
  <div class='ocr_page' id='page_1' title='image "./musetonensesseu01unkngoog_0232.png"; bbox 0 0 2648 4868; ppageno 0'>
   <div class='ocr_carea' id='block_1_1' title="bbox 395 451 1151 557">
    <p class='ocr_par' dir='ltr' id='par_1_1' title="bbox 395 451 1151 557">
     <span class='ocr_line' id='line_1_1' title="bbox 395 451 1151 557; baseline -0.008 -18"><span class='ocrx_word' id='word_1_1' title='bbox 395 452 533 539; x_wconf 76' lang='lat' dir='ltr'>musra</span> <span class='ocrx_word' id='word_1_2' title='bbox 553 458 811 539; x_wconf 76' lang='lat' dir='ltr'>arouru&#39;saa.</span> <span class='ocrx_word' id='word_1_3' title='bbox 1047 451 1151 557; x_wconf 52' lang='lat'>2125</span> 
     </span>
    </p>
   </div>
   <div class='ocr_carea' id='block_1_2' title="bbox 35 810 1136 1019">
    <p class='ocr_par' dir='ltr' id='par_1_2' title="bbox 35 810 1136 1019">
     <span class='ocr_line' id='line_1_2' title="bbox 384 810 1134 860; baseline -0.004 0"><span class='ocrx_word' id='word_1_4' title='bbox 384 810 524 860; x_wconf 68' lang='lat' dir='ltr'>naerens</span> <span class='ocrx_word' id='word_1_5' title='bbox 545 814 722 860; x_wconf 73' lang='lat' dir='ltr'>necruouur</span> <span class='ocrx_word' id='word_1_6' title='bbox 741 813 849 859; x_wconf 70' lang='lat' dir='ltr'>rarus.</span> <span class='ocrx_word' id='word_1_7' title='bbox 872 834 881 845; x_wconf 61' lang='lat'>=-</span> <span class='ocrx_word' id='word_1_8' title='bbox 984 814 987 819; x_wconf 83' lang='lat'>&#39;</span> <span class='ocrx_word' id='word_1_9' title='bbox 1056 852 1061 857; x_wconf 93' lang='lat'>.</span> <span class='ocrx_word' id='word_1_10' title='bbox 1131 845 1134 849; x_wconf 83' lang='lat'>.</span> 
     </span>
     <span class='ocr_line' id='line_1_3' title="bbox 35 897 1136 989; baseline 0.003 -38"><span class='ocrx_word' id='word_1_11' title='bbox 35 944 37 951; x_wconf 94' lang='lat'><em>.</em></span> <span class='ocrx_word' id='word_1_12' title='bbox 86 897 199 975; x_wconf 65' lang='lat' dir='ltr'>floyley.</span> <span class='ocrx_word' id='word_1_13' title='bbox 957 909 986 952; x_wconf 63' lang='grc' dir='ltr'>Κ.</span> <span class='ocrx_word' id='word_1_14' title='bbox 999 913 1030 953; x_wconf 87' lang='lat' dir='ltr'>D.</span> <span class='ocrx_word' id='word_1_15' title='bbox 1046 899 1136 989; x_wconf 62' lang='lat' dir='ltr'><strong>1⁷94f</strong></span> 
     </span>
     <span class='ocr_line' id='line_1_4' title="bbox 872 990 1128 1019; baseline -0.004 1"><span class='ocrx_word' id='word_1_16' title='bbox 872 1000 875 1005; x_wconf 95' lang='grc'><strong><em>·</em></strong></span> <span class='ocrx_word' id='word_1_17' title='bbox 1006 990 1010 1000; x_wconf 93' lang='grc'><em>“</em></span> <span class='ocrx_word' id='word_1_18' title='bbox 1079 1006 1084 1013; x_wconf 92' lang='lat'><em>-</em></span> <span class='ocrx_word' id='word_1_19' title='bbox 1124 1012 1128 1019; x_wconf 91' lang='lat'>.</span> 
     </span>
    </p>
   </div>
   <div class='ocr_carea' id='block_1_3' title="bbox 87 1188 1147 1329">
    <p class='ocr_par' dir='ltr' id='par_1_3' title="bbox 87 1188 1147 1329">
     <span class='ocr_line' id='line_1_5' title="bbox 87 1188 1147 1329; baseline 0.001 -25"><span class='ocrx_word' id='word_1_20' title='bbox 87 1225 281 1304; x_wconf 66' lang='lat' dir='ltr'>Lemonia</span> <span class='ocrx_word' id='word_1_21' title='bbox 300 1228 427 1304; x_wconf 87' lang='lat' dir='ltr'><strong>subter</strong></span> <span class='ocrx_word' id='word_1_22' title='bbox 443 1228 631 1315; x_wconf 86' lang='lat' dir='ltr'>tenebras,</span> <span class='ocrx_word' id='word_1_23' title='bbox 655 1240 768 1329; x_wconf 88' lang='lat' dir='ltr'>atque</span> <span class='ocrx_word' id='word_1_24' title='bbox 787 1225 943 1305; x_wconf 71' lang='lat' dir='ltr'>Arelica</span> <span class='ocrx_word' id='word_1_25' title='bbox 960 1188 1147 1328; x_wconf 45' lang='lat' dir='ltr'>sempe&amp;</span> 
     </span>
    </p>
   </div>
   <div class='ocr_carea' id='block_1_4' title="bbox 28 1350 1246 4157">
    <p class='ocr_par' dir='ltr' id='par_1_4' title="bbox 69 1350 1246 3388">
     <span class='ocr_line' id='line_1_6' title="bbox 87 1350 1009 1464; baseline 0.001 -15"><span class='ocrx_word' id='word_1_26' title='bbox 87 1375 253 1450; x_wconf 90' lang='lat' dir='ltr'>Horrida</span> <span class='ocrx_word' id='word_1_27' title='bbox 270 1376 454 1451; x_wconf 79' lang='lat' dir='ltr'>concretis</span> <span class='ocrx_word' id='word_1_28' title='bbox 472 1350 684 1451; x_wconf 75' lang='lat' dir='ltr'>nimborum</span> <span class='ocrx_word' id='word_1_29' title='bbox 701 1375 892 1451; x_wconf 88' lang='lat' dir='ltr'>montibus</span> <span class='ocrx_word' id='word_1_30' title='bbox 907 1401 1009 1464; x_wconf 87' lang='lat' dir='ltr'>arva,</span> 
     </span>
     <span class='ocr_line' id='line_1_7' title="bbox 87 1523 1129 1634; baseline 0.002 -34"><span class='ocrx_word' id='word_1_31' title='bbox 87 1523 291 1625; x_wconf 77' lang='lat' dir='ltr'>Silvifragis</span> <span class='ocrx_word' id='word_1_32' title='bbox 307 1525 373 1600; x_wconf 92' lang='lat' dir='ltr'>ubi</span> <span class='ocrx_word' id='word_1_33' title='bbox 391 1526 598 1634; x_wconf 82' lang='lat' dir='ltr'>Caurorum</span> <span class='ocrx_word' id='word_1_34' title='bbox 616 1535 835 1601; x_wconf 86' lang='lat' dir='ltr'>sternuntur</span> <span class='ocrx_word' id='word_1_35' title='bbox 850 1525 904 1601; x_wconf 88' lang='lat' dir='ltr'>ab·</span> <span class='ocrx_word' id='word_1_36' title='bbox 915 1526 979 1601; x_wconf 88' lang='lat' dir='ltr'>iris</span> <span class='ocrx_word' id='word_1_37' title='bbox 1009 1556 1015 1567; x_wconf 90' lang='lat'>·</span> <span class='ocrx_word' id='word_1_38' title='bbox 1123 1590 1129 1611; x_wconf 75' lang='lat'>‚</span> 
     </span>
     <span class='ocr_line' id='line_1_8' title="bbox 88 1670 1034 1771; baseline 0.004 -25"><span class='ocrx_word' id='word_1_39' title='bbox 88 1670 263 1746; x_wconf 88' lang='lat' dir='ltr'>Culmina</span> <span class='ocrx_word' id='word_1_40' title='bbox 278 1670 452 1771; x_wconf 87' lang='lat' dir='ltr'>pinifera,</span> <span class='ocrx_word' id='word_1_41' title='bbox 478 1684 591 1771; x_wconf 87' lang='lat' dir='ltr'>atque</span> <span class='ocrx_word' id='word_1_42' title='bbox 602 1677 708 1770; x_wconf 70' lang='lat' dir='ltr'>aegrd</span> <span class='ocrx_word' id='word_1_43' title='bbox 722 1673 918 1748; x_wconf 86' lang='lat' dir='ltr'>stridentia</span> <span class='ocrx_word' id='word_1_44' title='bbox 935 1673 1034 1751; x_wconf 91' lang='lat' dir='ltr'>mole</span> 
     </span>
     <span class='ocr_line' id='line_1_9' title="bbox 86 1819 1135 1922; baseline 0.009 -30"><span class='ocrx_word' id='word_1_45' title='bbox 86 1819 297 1914; x_wconf 71' lang='lat' dir='ltr'>Frenantur</span> <span class='ocrx_word' id='word_1_46' title='bbox 313 1820 429 1919; x_wconf 84' lang='lat' dir='ltr'>maria</span> <span class='ocrx_word' id='word_1_47' title='bbox 446 1820 635 1918; x_wconf 70' lang='lat' dir='ltr'>indigenae</span> <span class='ocrx_word' id='word_1_48' title='bbox 649 1832 802 1921; x_wconf 80' lang='lat' dir='ltr'>torpore</span> <span class='ocrx_word' id='word_1_49' title='bbox 818 1823 979 1922; x_wconf 77' lang='lat' dir='ltr'>pruinae:</span> <span class='ocrx_word' id='word_1_50' title='bbox 1101 1833 1135 1901; x_wconf 76' lang='grc'>,6</span> 
     </span>
     <span class='ocr_line' id='line_1_10' title="bbox 87 1968 1087 2068; baseline 0.005 -24"><span class='ocrx_word' id='word_1_51' title='bbox 87 1968 184 2057; x_wconf 77' lang='lat' dir='ltr'>nuc,</span> <span class='ocrx_word' id='word_1_52' title='bbox 211 1981 255 2044; x_wconf 88' lang='lat' dir='ltr'>ut</span> <span class='ocrx_word' id='word_1_53' title='bbox 270 1968 480 2068; x_wconf 84' lang='lat' dir='ltr'>perhibent,</span> <span class='ocrx_word' id='word_1_54' title='bbox 506 1969 598 2043; x_wconf 83' lang='lat' dir='ltr'>nive</span> <span class='ocrx_word' id='word_1_55' title='bbox 612 1969 755 2043; x_wconf 87' lang='lat' dir='ltr'>consita</span> <span class='ocrx_word' id='word_1_56' title='bbox 772 1982 874 2045; x_wconf 84' lang='lat' dir='ltr'>tecta</span> <span class='ocrx_word' id='word_1_57' title='bbox 891 1971 1087 2049; x_wconf 88' lang='lat' dir='ltr'>domorum</span> 
     </span>
     <span class='ocr_line' id='line_1_11' title="bbox 87 2117 1042 2217; baseline 0.007 -25"><span class='ocrx_word' id='word_1_58' title='bbox 87 2118 185 2217; x_wconf 83' lang='lat' dir='ltr'>Saga</span> <span class='ocrx_word' id='word_1_59' title='bbox 202 2117 464 2217; x_wconf 84' lang='lat' dir='ltr'>supervolitat3</span> <span class='ocrx_word' id='word_1_60' title='bbox 492 2118 913 2196; x_wconf 83' lang='lat' dir='ltr'>Dominae.famulantur</span> <span class='ocrx_word' id='word_1_61' title='bbox 930 2123 1042 2200; x_wconf 80' lang='lat' dir='ltr'>eunti.</span> 
     </span>
     <span class='ocr_line' id='line_1_12' title="bbox 87 2227 1067 2383; baseline 0.005 -41"><span class='ocrx_word' id='word_1_62' title='bbox 87 2268 270 2383; x_wconf 83' lang='lat' dir='ltr'>Conscius</span> <span class='ocrx_word' id='word_1_63' title='bbox 287 2267 366 2367; x_wconf 91' lang='lat' dir='ltr'>ipse</span> <span class='ocrx_word' id='word_1_64' title='bbox 384 2265 499 2341; x_wconf 83' lang='lat' dir='ltr'>aether</span> <span class='ocrx_word' id='word_1_65' title='bbox 516 2279 556 2342; x_wconf 91' lang='lat' dir='ltr'>et</span> <span class='ocrx_word' id='word_1_66' title='bbox 572 2227 731 2344; x_wconf 81' lang='lat' dir='ltr'>turbinis</span> <span class='ocrx_word' id='word_1_67' title='bbox 746 2270 940 2370; x_wconf 79' lang='lat' dir='ltr'>ignigenai</span> <span class='ocrx_word' id='word_1_68' title='bbox 1060 2318 1067 2347; x_wconf 56' lang='grc' dir='ltr'>,ι</span> 
     </span>
     <span class='ocr_line' id='line_1_13' title="bbox 88 2417 1072 2517; baseline 0.007 -25"><span class='ocrx_word' id='word_1_69' title='bbox 88 2418 253 2516; x_wconf 80' lang='lat' dir='ltr'>Fulgura</span> <span class='ocrx_word' id='word_1_70' title='bbox 270 2418 413 2505; x_wconf 86' lang='lat' dir='ltr'>crebra,</span> <span class='ocrx_word' id='word_1_71' title='bbox 439 2417 714 2517; x_wconf 81' lang='lat' dir='ltr'>laborantisque</span> <span class='ocrx_word' id='word_1_72' title='bbox 730 2417 789 2493; x_wconf 87' lang='lat' dir='ltr'>ala</span> <span class='ocrx_word' id='word_1_73' title='bbox 806 2421 922 2496; x_wconf 88' lang='lat' dir='ltr'>ardua</span> <span class='ocrx_word' id='word_1_74' title='bbox 938 2422 1072 2499; x_wconf 80' lang='lat' dir='ltr'>noctis.</span> 
     </span>
     <span class='ocr_line' id='line_1_14' title="bbox 88 2553 1246 2665; baseline 0.004 -23"><span class='ocrx_word' id='word_1_75' title='bbox 88 2566 167 2658; x_wconf 84' lang='lat' dir='ltr'>Olli</span> <span class='ocrx_word' id='word_1_76' title='bbox 184 2571 287 2659; x_wconf 72' lang='lat' dir='ltr'>sacrat</span> <span class='ocrx_word' id='word_1_77' title='bbox 303 2567 431 2654; x_wconf 71' lang='lat' dir='ltr'>herbd,</span> <span class='ocrx_word' id='word_1_78' title='bbox 458 2593 502 2640; x_wconf 88' lang='lat' dir='ltr'>ac</span> <span class='ocrx_word' id='word_1_79' title='bbox 520 2568 676 2664; x_wconf 84' lang='lat' dir='ltr'>magicis</span> <span class='ocrx_word' id='word_1_80' title='bbox 693 2565 844 2665; x_wconf 87' lang='lat' dir='ltr'>oppleta</span> <span class='ocrx_word' id='word_1_81' title='bbox 861 2571 1014 2646; x_wconf 78' lang='lat' dir='ltr'>venenis</span> <span class='ocrx_word' id='word_1_82' title='bbox 1079 2578 1138 2646; x_wconf 72' lang='lat' dir='ltr'>lo</span> <span class='ocrx_word' id='word_1_83' title='bbox 1243 2553 1246 2559; x_wconf 67' lang='lat'>,</span> 
     </span>
     <span class='ocr_line' id='line_1_15' title="bbox 89 2678 1076 2813; baseline 0.004 -24"><span class='ocrx_word' id='word_1_84' title='bbox 89 2713 193 2790; x_wconf 88' lang='lat' dir='ltr'>Zona</span> <span class='ocrx_word' id='word_1_85' title='bbox 210 2714 324 2795; x_wconf 77' lang='lat' dir='ltr'>haeret</span> <span class='ocrx_word' id='word_1_86' title='bbox 333 2713 461 2800; x_wconf 77' lang='lat' dir='ltr'>¹lateri,</span> <span class='ocrx_word' id='word_1_87' title='bbox 478 2717 604 2813; x_wconf 80' lang='lat' dir='ltr'>quels,</span> <span class='ocrx_word' id='word_1_88' title='bbox 632 2678 675 2787; x_wconf 80' lang='lat' dir='ltr'>ot</span> <span class='ocrx_word' id='word_1_89' title='bbox 693 2713 781 2788; x_wconf 88' lang='lat' dir='ltr'>data</span> <span class='ocrx_word' id='word_1_90' title='bbox 797 2716 918 2813; x_wconf 91' lang='lat' dir='ltr'>copia,</span> <span class='ocrx_word' id='word_1_91' title='bbox 945 2716 1076 2797; x_wconf 83' lang='lat' dir='ltr'>sumtis</span> 
     </span>
     <span class='ocr_line' id='line_1_16' title="bbox 89 2825 1097 2963; baseline 0 -25"><span class='ocrx_word' id='word_1_92' title='bbox 89 2864 293 2963; x_wconf 78' lang='lat' dir='ltr'>Temperat</span> <span class='ocrx_word' id='word_1_93' title='bbox 309 2861 476 2937; x_wconf 86' lang='lat' dir='ltr'>infernos</span> <span class='ocrx_word' id='word_1_94' title='bbox 490 2860 623 2938; x_wconf 85' lang='lat' dir='ltr'>latices</span> <span class='ocrx_word' id='word_1_95' title='bbox 641 2864 846 2961; x_wconf 87' lang='lat' dir='ltr'>spumantis</span> <span class='ocrx_word' id='word_1_96' title='bbox 863 2864 959 2938; x_wconf 72' lang='lat' dir='ltr'>aeni.</span> <span class='ocrx_word' id='word_1_97' title='bbox 993 2916 997 2923; x_wconf 64' lang='grc'><strong>»</strong></span> <span class='ocrx_word' id='word_1_98' title='bbox 1045 2932 1048 2937; x_wconf 91' lang='grc'>.</span> <span class='ocrx_word' id='word_1_99' title='bbox 1095 2825 1097 2829; x_wconf 24' lang='lat'>¹</span> 
     </span>
     <span class='ocr_line' id='line_1_17' title="bbox 90 2990 1126 3110; baseline 0.003 -25"><span class='ocrx_word' id='word_1_100' title='bbox 90 3011 161 3085; x_wconf 88' lang='lat' dir='ltr'>His</span> <span class='ocrx_word' id='word_1_101' title='bbox 180 2990 497 3086; x_wconf 77' lang='lat' dir='ltr'>additoandentis</span> <span class='ocrx_word' id='word_1_102' title='bbox 514 3012 593 3110; x_wconf 89' lang='lat' dir='ltr'>apri</span> <span class='ocrx_word' id='word_1_103' title='bbox 611 3011 658 3085; x_wconf 90' lang='lat' dir='ltr'>de</span> <span class='ocrx_word' id='word_1_104' title='bbox 675 3011 817 3087; x_wconf 86' lang='lat' dir='ltr'>viscere</span> <span class='ocrx_word' id='word_1_105' title='bbox 834 3010 937 3087; x_wconf 86' lang='lat' dir='ltr'>volsa</span> <span class='ocrx_word' id='word_1_106' title='bbox 964 3040 982 3061; x_wconf 74' lang='grc'>·’</span> <span class='ocrx_word' id='word_1_107' title='bbox 1107 3044 1126 3081; x_wconf 62' lang='lat' dir='ltr'>s</span> 
     </span>
     <span class='ocr_line' id='line_1_18' title="bbox 69 3122 1091 3277; baseline 0.007 -45"><span class='ocrx_word' id='word_1_108' title='bbox 69 3122 461 3277; x_wconf 24' lang='lat' dir='ltr'>’Pinguiavbrumalis</span> <span class='ocrx_word' id='word_1_109' title='bbox 478 3158 598 3257; x_wconf 83' lang='lat' dir='ltr'>spatio</span> <span class='ocrx_word' id='word_1_110' title='bbox 608 3157 688 3257; x_wconf 88' lang='lat' dir='ltr'>jam</span> <span class='ocrx_word' id='word_1_111' title='bbox 702 3158 863 3261; x_wconf 19' lang='lat' dir='ltr'>&#39;flaccida</span> <span class='ocrx_word' id='word_1_112' title='bbox 878 3162 1024 3239; x_wconf 70' lang='lat' dir='ltr'>somni:</span> <span class='ocrx_word' id='word_1_113' title='bbox 1044 3218 1048 3225; x_wconf 87' lang='lat'>-</span> <span class='ocrx_word' id='word_1_114' title='bbox 1084 3210 1091 3221; x_wconf 90' lang='lat'><strong>·</strong></span> 
     </span>
     <span class='ocr_line' id='line_1_19' title="bbox 91 3304 1141 3388; baseline 0.002 -4"><span class='ocrx_word' id='word_1_115' title='bbox 91 3309 213 3384; x_wconf 85' lang='lat' dir='ltr'>Addit</span> <span class='ocrx_word' id='word_1_116' title='bbox 230 3321 267 3382; x_wconf 90' lang='lat' dir='ltr'>et</span> <span class='ocrx_word' id='word_1_117' title='bbox 285 3307 400 3381; x_wconf 84' lang='lat' dir='ltr'>infixo</span> <span class='ocrx_word' id='word_1_118' title='bbox 418 3307 457 3379; x_wconf 90' lang='lat' dir='ltr'>in</span> <span class='ocrx_word' id='word_1_119' title='bbox 475 3304 626 3380; x_wconf 88' lang='lat' dir='ltr'>dorsum</span> <span class='ocrx_word' id='word_1_120' title='bbox 643 3307 860 3382; x_wconf 88' lang='lat' dir='ltr'>bacchantis</span> <span class='ocrx_word' id='word_1_121' title='bbox 878 3308 924 3383; x_wconf 90' lang='lat' dir='ltr'>ab</span> <span class='ocrx_word' id='word_1_122' title='bbox 942 3323 1056 3385; x_wconf 88' lang='lat' dir='ltr'>oestro</span> <span class='ocrx_word' id='word_1_123' title='bbox 1088 3317 1141 3388; x_wconf 69' lang='lat'>15,</span> 
     </span>
    </p>

    <p class='ocr_par' dir='ltr' id='par_1_5' title="bbox 28 3456 1088 3715">
     <span class='ocr_line' id='line_1_20' title="bbox 28 3456 1088 3567; baseline 0.001 -33"><span class='ocrx_word' id='word_1_124' title='bbox 28 3513 31 3516; x_wconf 93' lang='lat'>-</span> <span class='ocrx_word' id='word_1_125' title='bbox 90 3459 208 3567; x_wconf 86' lang='lat' dir='ltr'>Cervi</span> <span class='ocrx_word' id='word_1_126' title='bbox 219 3469 432 3531; x_wconf 90' lang='lat' dir='ltr'>manantem</span> <span class='ocrx_word' id='word_1_127' title='bbox 450 3456 603 3548; x_wconf 86' lang='lat' dir='ltr'>rabiem,</span> <span class='ocrx_word' id='word_1_128' title='bbox 629 3469 742 3556; x_wconf 89' lang='lat' dir='ltr'>atque</span> <span class='ocrx_word' id='word_1_129' title='bbox 761 3456 891 3553; x_wconf 85' lang='lat' dir='ltr'>effossa</span> <span class='ocrx_word' id='word_1_130' title='bbox 907 3458 1088 3559; x_wconf 87' lang='lat' dir='ltr'>sepulcris</span> 
     </span>
     <span class='ocr_line' id='line_1_21' title="bbox 90 3570 1007 3706; baseline 0 -23"><span class='ocrx_word' id='word_1_131' title='bbox 90 3609 181 3683; x_wconf 89' lang='lat' dir='ltr'>Imis</span> <span class='ocrx_word' id='word_1_132' title='bbox 199 3570 365 3706; x_wconf 82' lang='lat' dir='ltr'>corpora,</span> <span class='ocrx_word' id='word_1_133' title='bbox 384 3617 432 3680; x_wconf 84' lang='lat' dir='ltr'>et</span> <span class='ocrx_word' id='word_1_134' title='bbox 449 3604 488 3677; x_wconf 90' lang='lat' dir='ltr'>in</span> <span class='ocrx_word' id='word_1_135' title='bbox 505 3616 654 3703; x_wconf 86' lang='lat' dir='ltr'>putrem</span> <span class='ocrx_word' id='word_1_136' title='bbox 670 3605 853 3704; x_wconf 89' lang='lat' dir='ltr'>liquentia</span> <span class='ocrx_word' id='word_1_137' title='bbox 868 3609 1007 3684; x_wconf 57' lang='lat' dir='ltr'>tabem,</span> 
     </span>
    </p>

    <p class='ocr_par' dir='ltr' id='par_1_6' title="bbox 89 3726 847 3832">
     <span class='ocr_line' id='line_1_22' title="bbox 89 3726 847 3832; baseline -0.003 0"><span class='ocrx_word' id='word_1_138' title='bbox 89 3749 189 3832; x_wconf 82' lang='lat' dir='ltr'>Exin</span> <span class='ocrx_word' id='word_1_139' title='bbox 207 3756 367 3831; x_wconf 87' lang='lat' dir='ltr'>sensuris</span> <span class='ocrx_word' id='word_1_140' title='bbox 384 3768 491 3829; x_wconf 87' lang='lat' dir='ltr'>torvo</span> <span class='ocrx_word' id='word_1_141' title='bbox 510 3726 847 3830; x_wconf 70' lang='lat' dir='ltr'>demurmurat&#39;ore</span> 
     </span>
    </p>

    <p class='ocr_par' dir='ltr' id='par_1_7' title="bbox 89 3903 1171 4157">
     <span class='ocr_line' id='line_1_23' title="bbox 89 3903 1069 4004; baseline 0.002 -25"><span class='ocrx_word' id='word_1_142' title='bbox 89 3905 260 4002; x_wconf 83' lang='lat' dir='ltr'>Verbum</span> <span class='ocrx_word' id='word_1_143' title='bbox 277 3906 439 3977; x_wconf 88' lang='lat' dir='ltr'>immane</span> <span class='ocrx_word' id='word_1_144' title='bbox 457 3903 586 3997; x_wconf 89' lang='lat' dir='ltr'>Notis;</span> <span class='ocrx_word' id='word_1_145' title='bbox 615 3903 726 3979; x_wconf 87' lang='lat' dir='ltr'>simul</span> <span class='ocrx_word' id='word_1_146' title='bbox 743 3904 859 3980; x_wconf 89' lang='lat' dir='ltr'>incita</span> <span class='ocrx_word' id='word_1_147' title='bbox 876 3907 1069 4004; x_wconf 89' lang='lat' dir='ltr'>mugivere</span> 
     </span>
     <span class='ocr_line' id='line_1_24' title="bbox 92 4051 1171 4157; baseline 0.005 -29"><span class='ocrx_word' id='word_1_148' title='bbox 92 4053 307 4157; x_wconf 81' lang='lat' dir='ltr'>Tympana3</span> <span class='ocrx_word' id='word_1_149' title='bbox 328 4051 519 4126; x_wconf 89' lang='lat' dir='ltr'>dissiluere</span> <span class='ocrx_word' id='word_1_150' title='bbox 538 4052 647 4129; x_wconf 89' lang='lat' dir='ltr'>simul</span> <span class='ocrx_word' id='word_1_151' title='bbox 666 4054 900 4154; x_wconf 81' lang='lat' dir='ltr'>compagibu&#39;</span> <span class='ocrx_word' id='word_1_152' title='bbox 915 4056 1036 4156; x_wconf 87' lang='lat' dir='ltr'>ruptis</span> <span class='ocrx_word' id='word_1_153' title='bbox 1088 4062 1171 4133; x_wconf 55' lang='lat' dir='ltr'>eor</span> 
     </span>
    </p>
   </div>
   <div class='ocr_carea' id='block_1_5' title="bbox 0 0 1330 4868">
    <p class='ocr_par' dir='ltr' id='par_1_8' title="bbox 0 0 1330 4868">
     <span class='ocr_line' id='line_1_25' title="bbox 0 0 1330 4868; baseline 0 0"><span class='ocrx_word' id='word_1_154' title='bbox 0 0 1330 4868; x_wconf 95' lang='lat' dir='ltr'> </span> 
     </span>
    </p>
   </div>
  </div>
 </body>
</html>
