2648 4868
442 433 573 498 MUSAE
602 436 859 495 Euouunsm.

137 606 269 686 Luxfis
286 608 426 710 regifici
444 612 539 687 male
555 616 797 713 obstupentes

138 753 392 834 Perstrinxere
410 761 551 852 oculos,
578 761 791 862 ducumque
808 787 967 861 pompae.

190 906 349 981 Sordent
364 906 502 1005 gaudia
519 909 668 985 rusticae
685 911 843 1000 choreae,

141 1055 274 1128 Sordet
290 1053 425 1142 fistula,
454 1049 695 1156 candidaeque
713 1032 898 1157 nymphis.

140 1199 313 1288 FervenS,
341 1201 562 1302 irrequietus
580 1211 680 1276 arrn'a
696 1203 835 1302 poscit3

141 1345 352 1421 Mavortem
370 1347 512 1423 fremit:
540 1348 627 1422 inde
644 1371 711 1451 per
727 1376 896 1449 soporem

140 1494 285 1569 Natant
303 1507 391 1569 ante
409 1493 537 1571 oculos
548 1495 652 1595 jubae
670 1509 871 1595 comantes,

140 1637 192 1718 Et
208 1637 296 1717 ferri
314 1642 412 1718 nitor
430 1668 617 1741 aeneaeque
634 1667 784 1740 parmae.

142 1780 243 1888 Ergo
261 1815 389 1864 amens
406 1789 570 1888 placidas
588 1789 820 1863 amoenitates

141 1936 255 2011 Ruris
274 1937 423 2021 deserit,
450 1901 680 2033 impigerque
699 1933 779 2006 diro

140 2064 259 2156 Marti
276 2076 508 2181 accingitur3
537 2094 576 2157 et
592 2081 689 2180 rapit
706 2094 877 2157 cruentas

144 2230 284 2306 Hostili
303 2232 323 2304 ὲ
340 2230 462 2306 ωεᾰὶἓι
478 2229 663 2330 phalange
679 2229 813 2304 lauros.

140 2379 224 2455 Nec
240 2379 334 2453 lauri
353 2378 451 2466 satis,
479 2389 591 2476 atque
608 2377 725 2452 honos
742 2376 880 2470 inanis3

143 2528 245 2616 Quin
262 2529 365 2627 gazis
383 2527 501 2601 inhiat
518 2525 783 2626 potentiaeque.

142 2679 249 2754 Auro
267 2679 445 2754 indormit
463 2704 593 2753 avarus
609 2677 868 2774 indigensque,

143 2828 283 2903 Adhuc
300 2829 512 2903 insatiatus:
540 2825 629 2900 inde
645 2847 770 2898 rerum
813 2831 817 2843 '
926 2928 929 2935 Ι

144 2975 209 3051 Ad
225 2974 374 3074 fastigia
392 2975 521 3074 surgit,
549 2987 587 3049 et
604 2942 793 3074 popellum

143 3122 268 3200 Vilem
287 3101 458 3222 ilespicit,
485 3123 719 3220 intumetque
732 3084 847 3194 fastu.

143 3270 325 3370 Dejectus
342 3281 468 3344 tamen
486 3267 577 3367 ipse,
604 3292 691 3341 mox
708 3265 857 3369 popello
950 3245 957 3250 ⁵

143 3413 222 3500 Vili
240 3416 453 3516 despicitur,
481 3415 591 3490 miser
609 3412 780 3488 vicissim.

147 3557 250 3638 Hinc
267 3560 355 3637 exul
371 3562 505 3637 tacitas
522 3559 619 3660 petit
635 3559 806 3645 latebras,

146 3708 286 3809 Spretis
303 3668 445 3782 deliciis
462 3705 536 3781 frui
551 3718 723 3808 paratus;

146 3855 314 3934 Frustra:
344 3855 442 3931 solus
460 3855 559 3963 enim
576 3855 675 3930 inter
691 3836 909 3928 innocentes

148 4001 242 4078 Mali
259 4002 429 4077 conscius
446 4001 520 4090 ille,
547 4000 646 4076 solus
663 3977 760 4074 inter

148 4146 338 4228 Laeuntes
356 4144 469 4238 dolet,
496 4149 729 4248 ingemitque
745 4172 884 4225 secum.
