2648 4868
378 490 508 546 ruusm
538 488 795 546 nnoususns
1026 464 1107 541 245

239 849 255 920 1
278 863 344 904 nou
365 860 485 904 turm-n
507 861 594 912 uros,
617 862 675 903 sno
696 861 823 902 nonam
846 860 939 902 nors.

67 951 110 1010 W.
120 951 209 1009 Frere.
936 966 964 1004 s.
979 965 1009 1007 n.
1026 949 1111 1014 1794.

488 1075 691 1117 m

66 1264 187 1341 anrx
204 1263 334 1338 oceani
352 1273 505 1339 exactos
520 1274 607 1362 post
622 1274 739 1343 nauta
754 1260 963 1360 triumphos
1093 1306 1101 1321 ι

119 1412 243 1499 Quem
260 1410 417 1487 nimium
437 1411 563 1511 spoliis
581 1411 709 1487 mersit
727 1422 863 1497 onusta,
878 1410 983 1485 ratis!

68 1559 233 1636 Subdola
249 1559 338 1636 dum
356 1559 455 1634 ridet
470 1558 610 1658 placidi
624 1558 783 1658 pellacia
798 1561 917 1659 ponti,

118 1707 169 1782 Et
186 1667 378 1806 Zephyrus
395 1706 528 1781 tacitas
545 1706 678 1780 sternit
695 1707 835 1781 amicus
853 1732 984 1806 aquas:

69 1857 152 1943 Neo
170 1855 313 1955 scopuli
330 1854 496 1944 insidias,
522 1877 593 1928 nec
611 1879 751 1953 aquoso
770 1853 913 1930 Oriona
929 1855 1037 1931 vultu
1054 1885 1057 1891 ·
1090 1867 1115 1931 5

118 2009 292 2100 Noverit,
319 2007 462 2083 AEolias
478 2007 749 2107 pertuleritque
767 2009 897 2084 minas.

69 2160 108 2237 Ο
121 2159 213 2244 mihi
229 2156 467 2256 languidulos
485 2156 597 2231 modo
615 2156 779 2263 Cynthia
796 2157 947 2233 claudat
964 2157 1112 2248 ocellos,

122 2310 171 2385 Et
186 2320 331 2409 premat
349 2307 397 2382 ad
413 2306 560 2414 tepidos
578 2330 660 2396 nro,¹
677 2307 889 2408 foveatque,
916 2311 1030 2400 sinus,
1135 2360 1142 2366 -

73 2461 134 2541 Sic
144 2460 305 2539 animam
318 2459 504 2547 exhalem.
513 2485 585 2535 nec
597 2457 721 2536 adhuc
734 2460 976 2558 vergentibus
988 2459 1114 2554 annis;
1174 2546 1179 2552 ,

123 2608 209 2687 Hoc
227 2608 318 2681 mihi
335 2632 531 2706 supremus
547 2607 697 2706 spiritus
715 2632 778 2688 ore
795 2619 942 2685 tremat.
1071 2618 1118 2685 10
1184 2634 1185 2638 ’

72 2753 111 2832 O
124 2780 195 2854 ego
213 2754 298 2828 eum
313 2752 501 2834 dominam
515 2753 731 2852 aspicerem,
744 2753 856 2852 quam
869 2754 1016 2833 fortiter
1029 2759 1118 2847 inde

122 2901 303 2979 Riderom
319 2900 501 2981 horrifioae
517 2900 637 2982 latior
654 2926 719 2985 ora
736 2904 856 2995 necis3

75 3050 158 3131 Nec
176 3075 362 3150 quererer,
390 3051 491 3151 quod
507 3076 568 3125 me
584 3056 784 3150 properata
799 3050 897 3127 falce
913 3066 1099 3131 resectum

19 3308 25 3317 Ι
125 3197 337 3276 Mersarent
353 3198 492 3297 Stygiis
509 3197 637 3275 invida
652 3195 730 3271 fata
746 3196 867 3271 vadis:

76 3347 175 3431 Nam
192 3372 315 3447 neque
331 3347 386 3425 sio
403 3346 493 3421 olim
510 3347 654 3420 senium
672 3371 732 3423 me
750 3347 856 3422 triste
870 3346 1022 3445 jubebit
1074 3359 1120 3429 15

126 3498 250 3574 Serius
267 3499 409 3573 arnissis
426 3495 628 3571 indoluisse
644 3496 754 3586 rosis;

75 3648 160 3724 Nec
177 3646 304 3723 vetulo
322 3648 450 3723 vivens
461 3645 639 3745 juvenilis
657 3671 811 3746 corpore
828 3646 952 3723 fervor

125 3795 298 3894 Virginei
315 3793 453 3912 fastum
472 3806 583 3893 coget
600 3793 702 3870 obire
720 3794 836 3870 chori.

78 3942 134 4019 At
150 3944 230 4031 tibi,
259 3968 341 4043 quae
358 3955 524 4017 teneram
542 3941 661 4040 luges,
687 3943 751 4043 pia
766 3957 896 4034 mater,
921 3947 1120 4038 alumnam,

127 4091 184 4167 Sit
200 4089 385 4168 desiderio
403 4102 503 4167 meta
520 4090 715 4191 pudorque
733 4104 810 4171 tuo.
1073 4106 1124 4172 20

583 4240 600 4289 a
