2648 4868
449 488 590 555 niusa·
610 486 868 554 nuouuusna.
1093 464 1178 564 ,187

313 867 331 901 r
351 876 619 921 -a-uamcas
639 871 815 919 accinctas
835 876 942 919 nurus.
995 908 998 914 .
1041 900 1044 905 .
1251 935 1255 946 ,

138 956 236 1033 mys·
534 950 537 957 ·
756 1019 767 1043 ’γ
843 954 845 957 ’
918 952 920 957 '
1002 974 1031 1012 Α.
1047 974 1076 1024 n.
1094 962 1180 1024 1794.

554 1083 753 1125 ᾤ

139 1257 254 1339 Uunn
272 1284 391 1353 novus
404 1271 545 1335 tremor
557 1259 618 1334 hic
636 1266 768 1334 terrae?
788 1282 864 1357 quo
878 1256 1024 1333 cinctus
1041 1257 1182 1355 amictu
1305 1274 1314 1284 ‘

90 1509 93 1512 A
138 1407 316 1485 Turbinis
333 1409 529 1484 obscuram
546 1409 668 1483 noctis
685 1419 787 1483 meat
803 1402 933 1480 horlon
950 1405 999 1482 ad
1016 1413 1166 1481 aurem?

140 1522 334 1653 Agnosce,
360 1556 534 1655 propiore
552 1555 648 1642 Ded,
675 1553 828 1628 crinalia
844 1543 950 1628 vitt'ae

138 1705 263 1794 Sibila,
291 1707 534 1804 vivarumque
552 1729 687 1778 canum
705 1702 842 1777 formas
860 1702 1057 1778 ululantes.

139 1856 176 1930 It
195 1855 333 1928 Triviae
352 1854 527 1927 desuetus
545 1853 681 1925 honos:
709 1875 800 1957 quas
818 1849 905 1924 exul
924 1851 973 1924 ad
991 1836 1072 1926 oras
1156 1862 1182 1928 5

137 2003 252 2077 Nunc
270 1999 396 2086 saltus,
425 1997 560 2085 Diana,
588 2005 717 2073 tenes?
744 1997 876 2085 Quove
894 1999 1033 2083 arbitra
1049 2000 1180 2089 flectis,

138 2150 263 2236 Luna,
282 2149 351 2222 sub
370 2173 440 2222 axe
453 2146 587 2252 jugum
600 2153 621 2217 P.
644 2144 740 2232 Quae
757 2145 907 2227 conscia
923 2170 1013 2220 saxa
1029 2120 1180 2227 tucrum

140 2297 315 2374 Carmina
324 2295 551 2394 jampridem
570 2294 735 2369 didicere
754 2294 907 2393 antiqua
923 2305 1136 2370 sacrorum?

108 2531 111 2536 ,
140 2444 371 2553 Massylasne
389 2443 480 2519 colis
498 2457 638 2533 cautes,
664 2457 704 2518 et
722 2443 900 2519 Atlantos
917 2454 1091 2518 arenam?

139 2593 269 2672 Incola
287 2596 360 2691 qua
376 2592 512 2690 magici
529 2605 595 2667 tua
611 2606 790 2692 tympana
807 2594 975 2683 concitat
992 2595 1076 2666 aeris
1136 2600 1182 2668 10

140 2742 308 2830 Maurus
328 2766 437 2842 opem
448 2742 529 2828 tibi,
546 2741 665 2830 Luna,
677 2740 819 2834 ferens3
835 2754 1029 2841 utcunque
1042 2742 1180 2836 videris

141 2891 246 2973 Mole
263 2892 460 2965 tenebrosi
475 2890 641 2991 triplices
659 2893 868 2968 subducere
885 2892 1023 2968 vultus.

139 3040 237 3116 Nam
250 3065 372 3139 neque
386 3040 433 3114 ad
447 3039 647 3140 AEthiopas
660 3042 764 3143 virga
777 3044 983 3144 Nilumque
998 3045 1178 3122 latentem

137 3189 368 3289 lampridem
388 3188 586 3263 Chaldaeus
604 3182 702 3276 uvat,
729 3215 800 3265 nec
819 3190 1019 3269 Colchidos
1037 3194 1170 3270 herbas

141 3342 289 3442 Spargit
306 3342 351 3417 ab
369 3338 529 3438 ignifero
549 3338 687 3413 Medea
703 3339 863 3414 volatilis
881 3367 962 3417 axe.
1135 3330 1182 3418 15

140 3488 325 3564 Emathiae
342 3488 475 3562 siluere
491 3487 639 3587 apices3
667 3511 738 3560 nec
755 3488 870 3563 tristis
889 3489 1070 3583 Erictho„

141 3637 255 3714 Sistet
271 3637 341 3710 iter
358 3636 497 3729 fluviis3
526 3634 672 3734 quoties
690 3661 842 3711 sensura
858 3637 1003 3750 labcras

141 3786 335 3859 Arcanum
352 3782 477 3871 ferale,
505 3783 699 3883 luposque,
729 3811 938 3887 canumque
956 3787 1112 3876 furores,

140 3936 295 4011 Arbitra
311 3948 350 4012 et
367 3938 507 4012 excitas
525 3938 640 4037 Styge
658 3950 772 4014 cantu
790 3938 940 4038 subjicis
958 3922 1118 4013 umbras.

136 4084 222 4162 Jam
240 4109 362 4184 neque
381 4084 537 4160 Canidia
555 4086 738 4185 Esquilias
754 4111 904 4163 rumore
922 4087 1070 4162 sinistro
1111 4093 1183 4163 ι920
1307 4176 1310 4183 ,
