2648 4868
373 482 507 539 musis:
534 484 793 552 noeonnnsss.
1019 461 1098 548 291

56 662 206 758 Dignus
224 683 316 746 eras,
345 659 406 731 cui
423 657 501 733 fata
519 659 651 735 darent
668 663 887 760 productius
905 688 1039 748 aevum,

36 894 46 913 ὗ
107 809 197 905 Spes
214 830 337 904 neque
353 819 556 905 conceptas
574 820 765 905 rumperet
782 807 874 883 hora
889 809 1004 883 necis.

17 1002 22 1011 ·
56 957 131 1033 Sed
147 957 298 1044 iiustra,
311 958 407 1032 vitet
421 959 522 1056 quod
540 949 707 1057 quisque,
724 984 898 1034 cavemus
915 960 1099 1053 in²horas3
1197 944 1202 952 ⁸

107 1101 246 1179 Omnia
262 1104 469 1205 pendemus
488 1104 672 1196 staffines
687 1107 813 1195 Parca,
841 1118 919 1181 tuo.
1053 1114 1101 1180 24<

58 1247 161 1328 Hine
172 1253 442 1353 auditaparum
455 1279 540 1353 quae
553 1279 639 1343 vox,
657 1254 783 1328 “Cave
794 1253 981 1341 flumina,”
993 1253 1103 1343 dixit,

110 1409 133 1444 ‘⁶
153 1400 249 1475 Haec
265 1399 349 1477 loca
366 1426 441 1477 non
458 1413 589 1479 tenero
606 1416 694 1479 sunt
712 1402 884 1477 adeunda
900 1400 1035 1501 pede.'’

61 1545 175 1635 Hinc,
187 1549 324 1625 veteris
334 1550 402 1626 flos
412 1574 522 1624 mane
537 1550 669 1641 domfis
686 1563 799 1649 atque
816 1548 957 1624 ordinis
973 1548 1103 1641 haeres,
1227 1628 1234 1641 ,

110 1695 281 1771 Volveris
299 1697 513 1771 exanimum
530 1721 684 1813 vespere
702 1720 837 1796 empus
854 1698 969 1795 aquis.

61 1844 131 1931 At,
145 1842 383 1931 Thamesine,
401 1840 493 1919 licet
508 1841 588 1919 fato
605 1856 804 1945 superante
822 1842 1006 1919 misellum

111 1991 300 2071 Obrueret
315 1993 423 2092 pueri
439 1992 574 2073 flebilis
591 1992 693 2067 unda
711 2005 835 2092 caput,
1054 1999 1107 2071 80

62 2138 139 2226 Qui
156 2136 298 2214 fuerint
312 2135 450 2228 luctus,
478 2139 675 2217 conamina
692 2155 830 2240 quanta
848 2141 1029 2230 sodalem,

115 2283 210 2360 Haec
227 2284 319 2360 licet
336 2287 546 2364 exciderint
563 2289 678 2379 irrita,
707 2289 813 2364 testis
831 2291 913 2364 eris.

63 2433 165 2521 Quin
182 2446 226 2521 tu
243 2436 330 2511 siste
347 2437 465 2537 queri,
492 2439 611 2537 pietas
628 2437 700 2513 hoc
718 2439 851 2536 poscit,
878 2439 980 2512 inani

113 2581 199 2656 Neu
213 2583 399 2660 desiderio
416 2584 628 2675 conficiare,
653 2610 798 2684 parens.

65 2730 161 2817 Quae
178 2732 248 2806 tibi
266 2730 416 2810 delicias
434 2734 489 2809 vis
506 2731 638 2807 funere
656 2735 784 2810 mersit
801 2736 947 2825 acerbo,
1058 2742 1107 2810 35

115 2877 322 2958 Transtulit
339 2883 512 2971 enostris
530 2883 569 2958 in
587 2882 859 2967 melioralocis.
