2648 4868
434 455 564 515 musra
593 458 851 515 nronnssns.
1095 434 1172 518 141

137 640 221 721 Aut
234 666 358 721 eoram
375 655 485 733 stare,
501 653 566 719 aut
579 643 721 719 celeres
728 666 956 742 praecurrere
965 656 1110 722 ventos.
1128 630 1179 722 46
1277 714 1284 725 ,

138 788 335 871 Proximus
353 795 410 868 his
428 793 615 892 animique
634 805 672 870 et
691 791 822 867 formae
839 793 959 892 prima
975 794 1176 872 Britannus

136 947 263 1024 Jactat
280 969 415 1044 equus:
442 942 535 1018 tales
553 960 744 1040 nunquam
763 941 967 1019 Germania
982 945 1082 1022 fetus

138 1093 185 1167 In
204 1117 377 1191 campum
394 1089 494 1179 tulit,
521 1101 588 1165 aut
605 1089 801 1167 Gallorum
819 1095 950 1169 scabra
965 1117 1143 1196 propago.
1223 1137 1231 1144 -
1269 1058 1272 1065 ¹

189 1240 360 1338 Sedquos
373 1239 630 1315 advenentum
644 1244 1179 1345 artestatulosquesequendos
1295 1218 1299 1226 ι

139 1391 264 1465 Pascit
282 1414 414 1489 eques3
441 1391 591 1466 brevius
610 1404 737 1491 eaput,
755 1406 795 1469 et
810 1394 998 1470 robustior
1015 1394 1112 1470 adsit
1127 1402 1174 1469 51

139 1539 399 1614 Membrorum
416 1552 615 1629 structura,
642 1544 794 1640 aptique
812 1543 859 1616 ad
877 1542 990 1616 taedia
1006 1544 1128 1617 nervi:

136 1688 227 1764 Non
245 1690 384 1764 etenim
401 1688 494 1763 viles
511 1691 667 1777 animos,
692 1712 814 1788 neque
832 1714 945 1786 parva
961 1689 1121 1787 requirit

140 1838 304 1925 Robora,
331 1838 508 1913 dumosos
525 1837 639 1912 saltus
657 1862 927 1937 conspersaque
946 1838 1041 1911 sexis

138 1981 240 2060 Avia
257 1986 512 2084 clivorumque
529 1987 717 2061 obstantia
731 2008 904 2085 rumpere
922 1984 1092 2061 claustra.
1131 1992 1180 2062 55
1303 2046 1305 2051 ,

137 2137 299 2213 Necnon
317 2135 512 2234 sanguinei
529 2135 622 2211 tales
640 2134 844 2212 certamina
862 2130 996 2208 Martis

139 2285 367 2383 Suscipiunt,
393 2268 588 2386 variosque
605 2285 694 2360 artis
710 2293 909 2379 motusque
926 2292 1145 2379 meatusque

139 2431 293 2508 Ordinis
309 2434 482 2509 instructi
500 2430 668 2526 discunt3
695 2431 808 2507 modo
824 2429 948 2504 fronte
966 2430 1124 2529 superbi

140 2579 293 2656 Arrecti
308 2593 423 2656 vento
439 2580 632 2669 insultant,
659 2578 774 2653 modo
790 2578 959 2676 gramina
974 2577 1125 2677 pulsant

135 2726 327 2815 Calcibus,
355 2739 421 2803 aut
437 2738 645 2802 transversa
662 2725 740 2802 solo
756 2727 915 2825 vestigia
931 2725 1107 2817 flectunt3
1135 2724 1186 2800 60

141 2875 441 2976 Agnoscuntque
457 2876 579 2987 tunes,
601 2888 640 2951 et
656 2900 795 2976 pugnae
811 2874 969 2949 firlmina
986 2884 1183 2972 rumpunt:

142 3023 242 3099 Talis
255 3034 350 3116 erat,
367 3042 478 3123 quem
491 3047 587 3098 vana
600 3024 949 3100 umbraesimulacra
960 3033 1183 3097 trementem

142 3173 354 3251 Observans
371 3172 483 3247 rectis
501 3170 698 3247 inlumina
715 3171 800 3247 solis
818 3169 957 3261 ocellis,
1066 3252 1077 3269 ‚

143 3321 301 3399 Pellaeus
318 3320 465 3397 domuit
480 3319 672 3419 princeps3
699 3322 783 3419 post
801 3344 903 3393 erma
920 3318 1055 3405 subire,

143 3468 346 3569 Molirique
363 3469 473 3555 ictus,
501 3467 668 3566 duroque
685 3491 896 3545 assuescere
913 3465 1029 3561 bello,
1137 3461 1186 3538 65

144 3617 326 3704 Instituit,
352 3618 544 3716 victasque
562 3616 639 3691 acri
654 3640 762 3691 ruere
775 3615 918 3714 impete
935 3624 1090 3686 turmas.
1154 3670 1157 3675 .
1210 3593 1213 3600 ’

193 3769 258 3843 Sin
269 3769 405 3868 potius,
414 3762 1012 3868 quiplaustratrahnnt‚pigrisque
1023 3759 1187 3858 ligantur
1221 3760 1226 3770 “

144 3912 383 4005 vomeribus,
408 3943 536 4009 curas:
563 3915 665 3992 color
681 3912 754 3990 illis
771 3913 935 4014 optimus
953 3920 1046 3994 ater,

144 4061 196 4140 Et
212 4064 329 4165 major
346 4066 596 4143 membrorum
614 4062 718 4153 ordo,
745 4061 945 4139 fortissima
962 4080 1083 4144 crura,
1141 4096 1144 4101 ·
1199 4127 1206 4134 .
