2648 4868
153 429 209 508 64
467 450 599 507 uuam
629 450 883 507 sponsasse.

153 637 340 715 Funereos
356 634 473 709 lectos
491 643 645 722 struere,
671 645 710 710 et
727 631 882 732 sepelite
898 630 1042 707 ululatu
1111 654 1143 686 -’
1222 650 1227 659 ·

155 784 364 859 Exturbare
382 781 572 869 cadavera,
601 792 638 855 et
655 777 850 878 indulgere
867 776 1026 877 querelis
1161 804 1165 809 ·

155 927 363 1021 Flebiliter3
392 927 509 1025 magis
526 927 613 1001 inde
632 927 821 1026 magisque
839 925 1012 1024 paventia
1027 924 1096 1001 leti
1159 926 1167 953 ²

56 1182 58 1187 Ι
156 1080 313 1155 Pectora
331 1077 491 1152 solicitat
510 1076 643 1150 dubius
660 1076 785 1165 timor,
810 1074 923 1172 inque
940 1071 1113 1149 medullis

159 1226 365 1324 Perpetuus
375 1226 621 1325 rigethorror,
629 1222 793 1298 inanibu'
802 1222 970 1299 concitus
980 1223 1134 1298 umbris.
1147 1229 1190 1298 95

159 1371 237 1449 Olli
253 1374 514 1463 autemvarias
532 1371 684 1447 resoluti
702 1398 855 1470 corpore
873 1373 991 1448 sedeis

161 1523 360 1621 Terrarum
379 1534 551 1622 expertes
569 1522 772 1612 celebrant,
789 1547 866 1597 non
882 1522 1052 1597 materiai

52 1654 56 1661 ⁵
160 1671 305 1755 Vinclis
321 1646 468 1760 irretiti,
495 1683 534 1746 ot
551 1675 654 1769 septi
671 1670 847 1768 indagine
864 1697 1074 1746 nervorum.

160 1819 262 1919 Ergo
278 1819 349 1919 piis
365 1819 468 1908 licet,
495 1818 652 1893 emensis
670 1821 788 1917 spatia
808 1821 965 1908 retheris,
993 1845 1102 1895 axem
1144 1898 1148 1905 ,

163 1967 400 2056 stelliferum,
427 1968 568 2067 liquida
585 1967 747 2065 ingentis
764 1967 950 2068 laquearia
967 1967 1098 2042 mundi
1153 1972 1199 2041 30

162 2116 305 2202 Visere,
333 2127 372 2190 et
389 2115 578 2213 implicitis
595 2115 795 2190 ferventeis
813 2115 976 2190 motibus
992 2117 1128 2204 orbeis,

166 2266 357 2367 Igneaque
375 2265 480 2352 atria,
509 2263 665 2338 collecte
681 2264 843 2339 rorantia
858 2262 963 2355 luce,

165 2414 277 2491 Unde
296 2413 352 2487 sui
369 2413 490 2487 ridere
508 2427 620 2512 queat
636 2414 797 2489 ludibria
813 2413 937 2488 trunci

166 2559 265 2640 Pura
282 2563 405 2637 anima
422 2574 460 2636 et
474 2563 610 2639 victrix
626 2562 704 2637 leti.
757 2562 879 2636 Eheu!
907 2561 1020 2636 hosce
1035 2559 1203 2649 laboreia

166 2712 415 2812 Fortunaeque
433 2712 542 2799 mala,
568 2685 607 2785 et
625 2709 825 2785 scelerosos
843 2709 1035 2786 dilacerati
1159 2714 1205 2786 85

167 2862 334 2937 Pectoris
353 2860 506 2935 affectus
525 2859 607 2957 (qui
624 2868 804 2956 perpetuo
820 2856 962 2932 laniatu

168 3008 353 3087 Funditus
371 3005 575 3082 incubuere
592 3003 742 3098 animis)
761 3017 799 3079 et
816 3005 986 3080 morbida
1002 3005 1108 3104 venis

170 3152 320 3253 Spicula
336 3152 508 3239 febrium,
536 3165 575 3228 et
592 3165 732 3229 aetemo
748 3152 893 3228 lentore
910 3179 1135 3231 marasmum

169 3300 278 3376 Velle
288 3302 387 3399 pati,
411 3312 450 3375 et
465 3299 628 3400 perferre
646 3302 843 3378 homineisl
871 3304 1110 3390 adamantina
1125 3305 1212 3378 vero

44 3530 48 3542 ‚
171 3448 326 3548 Sceptra
335 3449 548 3524 horrescere
561 3450 702 3539 mortis
711 3451 950 3528 etinfandum
964 3451 1210 3527 dominatam!

173 3597 261 3671 Non
280 3599 373 3672 adeo
390 3590 594 3673 antediem
611 3597 789 3698 pallentia
805 3611 918 3675 nocte
935 3598 1106 3698 sepulcra
1164 3604 1211 3677 41

175 3744 376 3819 Suaderem
394 3760 582 3846 expetere,
609 3761 648 3825 et
664 3750 867 3829 metuenda
884 3749 1020 3825 oblivia
1038 3773 1139 3825 ourae

175 3887 227 3968 Vi
245 3896 411 3972 conscire
428 3897 516 3988 sibi3
543 3908 691 3972 tantum
708 3896 872 3972 molirier
889 3923 1033 3984 ausum,

177 4042 400 4142 Quanquam
412 4043 535 4119 animo
549 4044 776 4133 stimulante,
787 4044 909 4140 nefas3
925 4059 982 4122 sat
996 4045 1216 4126 dedidicisse

5 4444 159 4528 Α
270 4420 276 4431 .
