2648 4868
159 425 215 530 76
455 427 601 510 'rrusm
630 441 884 510 norrenses.

158 634 320 734 Quippe,
347 642 390 707 et
402 633 572 732 punicsae
588 634 693 710 tenui
711 632 924 710 discrimine
938 629 1113 720 dammae,
1153 626 1188 682 .·,·

157 782 208 858 Et
225 768 519 882 septemgemino
535 794 759 882 rumpuntur
775 781 901 857 mollia
917 791 1019 856 tortu
1090 785 1103 829 '·
1174 814 1180 826 ·

158 931 330 1018 Lumina,
355 932 657 1032 concordemque
669 929 824 1006 trahunt
840 929 1003 1004 immista
1019 902 1196 1004 colorem.

159 1079 264 1179 Sceps
282 1090 407 1154 tamen
425 1079 564 1154 celeres
580 1077 708 1178 pluvio
724 1077 819 1153 Jove
835 1075 982 1151 lucidus
999 1076 1121 1150 imber
1134 1112 1136 1117 ⁷
1147 1080 1197 1149 4'6

133 1208 329 1301 ’Paullum
346 1227 491 1302 inhibet
508 1250 648 1312 cursus,
664 1224 836 1323 solisque
852 1225 1065 1299 reverberat
1087 1205 1195 1298 ictus.

160 1374 263 1450 Hinc
281 1374 394 1449 decor
408 1375 642 1474 omnigenus,
670 1372 885 1471 speciesque
903 1371 1061 1446 evanida
1075 1351 1188 1445 miras

114 1596 117 1601 ,
157 1520 334 1597 Fluctuat
350 1522 389 1594 in
407 1520 557 1610 formas,
581 1520 722 1618 liquida
739 1520 828 1594 dum
844 1519 930 1594 luce
947 1519 1111 1594 natantis

160 1667 327 1743 AEtheris
344 1668 552 1743 anfractum
570 1667 777 1766 descriptus
794 1667 952 1742 circinat
968 1691 1088 1741 arcus.
1148 1673 1198 1739 50

159 1815 374 1903 Quinetiam
395 1815 587 1914 Hesperiis
605 1816 689 1889 clun
709 1814 763 1889 sol
780 1813 959 1889 declivior
975 1815 1088 1890 undis

158 1971 373 2072 Praecipitat
390 1983 514 2072 caput,
542 1981 581 2046 et
597 1971 786 2046 volitantis
803 1970 964 2070 plurima
980 1959 1091 2045 roris*
1116 2045 1121 2051 .
1245 2060 1251 2070 ,

157 2119 361 2194 Gemmula
378 2118 523 2192 suffirsis
539 2118 662 2215 pingit
678 2116 864 2216 laquearia
880 2118 1000 2217 guttis

160 2265 288 2339 Aurea
305 2263 481 2338 coelorum
491 2295 502 2357 3
531 2287 590 2351 en,
617 2263 752 2337 iterum
770 2263 948 2339 miracula
965 2290 1090 2341 rerum

157 2411 319 2485 Cernere
336 2409 403 2498 fas,
414 2408 560 2508 alioque
572 2409 699 2508 polum
714 2408 915 2508 splendore
926 2437 1122 2488 coruscum
1131 2415 1195 2490 !·55

111 2637 113 2640 ,
158 2556 309 2633 Scilicet
326 2568 365 2633 et
380 2557 516 2656 gelidae
533 2581 630 2657 saepe
646 2557 686 2630 in
703 2558 916 2657 regionibus
935 2560 1046 2636 Arcti
1088 2592 1095 2603 ·

159 2705 208 2780 Et
224 2706 312 2781 visae
329 2706 455 2805 rapidd
471 2704 622 2780 variatae
638 2703 723 2779 luce
742 2706 908 2784 tenebrae

157 2853 331 2929 Insolitos
347 2855 489 2952 agitare
506 2822 622 2950 ignes,
651 2865 690 2927 et
705 2851 849 2928 lacteus
865 2855 981 2932 aet'her

157 2998 316 3098 Fulgore
332 3023 400 3099 per
417 3022 589 3098 campum
607 2998 803 3099 subitoque
818 3002 1023 3101 liquescere
1040 3017 1158 3082 motu.

158 3145 263 3243 Saepe
280 3144 394 3244 igitur
411 3144 548 3243 trepidi
565 3145 693 3244 ignard
709 3145 909 3226 formidine
926 3176 1070 3252 pugnas
1145 3162 1196 3228 60

157 3257 347 3390 Agricolae
363 3303 543 3379 metuere,
561 3318 774 3395 novumque
790 3323 857 3397 per
873 3311 957 3373 aera
973 3300 1126 3375 bellum.
1200 3337 1205 3346 ·

186 3492 190 3515 ι
208 3435 245 3513 Ο
262 3438 385 3512 anima
394 3439 639 3537 omniparens,
655 3432 828 3542 visdsque
842 3445 1046 3546 eademque
1059 3448 1193 3525 caloris

145 3563 291 3658 'vitalis
307 3585 484 3682 genitrix,
511 3586 645 3662 sinete
663 3589 753 3686 quid
770 3592 863 3666 mira
878 3592 1019 3671 valeret

157 3728 240 3803 Aut
257 3728 356 3803 oculi
374 3728 570 3819 structura,
597 3746 662 3807 aut
679 3736 772 3810 vasti
789 3741 910 3835 gratia
926 3740 1079 3815 mundi?

157 3872 295 3952 Omnia
312 3872 521 3950 marcerent
538 3877 616 3951 sine
634 3890 683 3967 te,
711 3882 894 3983 similique
906 3887 1077 3987 jacerent
1121 3923 1129 3932 ··
1145 3899 1193 3965 65

158 4026 327 4102 Turbida
343 4028 549 4127 congerie3'
563 4030 667 4104 verni
685 4043 726 4105 tu
745 4034 838 4106 ruris
857 4035 1034 4112 honorem
1050 4063 1057 4072 ”
