2648 4868
148 422 229 501 13⁰
451 443 582 499 musm
611 441 870 497 cremenses.

454 726 559 766 omnus
580 727 645 766 unt
667 727 776 768 neser
797 728 871 771 uox.

149 807 212 866 Clrr.
227 809 344 868 Betbell.
786 864 793 877 ,
1013 832 1040 871 A.
1056 834 1089 876 n.
1104 823 1179 884 179⁰.

150 1053 239 1142 Qun
256 1054 391 1129 tumuli
409 1055 552 1131 circum
570 1059 711 1156 exigui,
729 1080 937 1156 sparsaeque
953 1078 1023 1154 per
1034 1055 1181 1131 herbam

150 1200 364 1277 Gramineae
383 1216 540 1303 surgunt
558 1205 685 1294 moles,
714 1217 752 1280 et
765 1207 879 1281 noxia
894 1216 1005 1279 taxus

152 1352 342 1425 Funebres
358 1353 490 1450 pandit
507 1356 690 1443 tenebras,
718 1354 780 1429 bic
798 1354 892 1428 seria
910 1353 1013 1427 dulci

153 1485 333 1579 Tristitiae
351 1531 455 1580 mens
473 1506 657 1605 indulget,
673 1508 916 1605 dubitatque,
941 1507 1138 1603 timetque,

155 1653 251 1741 Quae
268 1667 443 1729 maneant
459 1666 545 1754 post
560 1654 638 1729 fata
650 1656 762 1743 vices,
782 1657 854 1753 quei
872 1653 959 1728 sede
970 1659 1187 1750 vagentur5

155 1802 303 1899 Ignoti,
324 1801 413 1876 heu!
441 1827 631 1901 nunquam
650 1801 806 1876 redituri
824 1801 873 1874 ad
888 1798 1031 1872 lumina
1049 1797 1188 1872 Manes.

157 1949 342 2025 Omnibus
362 1950 444 2025 haec
462 1950 592 2025 eadem
612 1975 688 2024 sors
707 1961 774 2023 est.
825 1949 901 2023 Ubi
918 1946 1079 2020 fulmina
1096 1944 1190 2031 belli,

157 2097 443 2196 Caesareumque
460 2122 590 2195 genus,
622 2096 721 2170 Latii
738 2097 875 2199 decus?
900 2108 966 2170 aut
981 2096 1048 2170 ubi
1065 2095 1192 2204 Victor

158 2245 227 2320 Ille
238 2245 354 2344 jacet,
381 2243 445 2342 qui
464 2244 598 2319 Penaee
615 2246 777 2319 nutritus
794 2247 833 2318 in
851 2244 935 2318 aulb

161 2395 232 2468 Per
250 2394 383 2481 caedes,
410 2394 593 2492 perbelle
610 2420 731 2482 ruens,
760 2394 972 2470 diademata
986 2393 1120 2470 Persae*
1146 2366 1196 2466 '10

161 2542 343 2629 Abstulit,
371 2553 409 2616 et
426 2553 547 2616 totum
566 2542 768 2641 pugnando
786 2542 936 2651 miscuit
952 2543 1108 2618 orbem?

159 2692 248 2767 Non
266 2691 319 2765 illi
336 2690 461 2766 laurus
478 2702 647 2791 prosunt,
673 2716 744 2764 nec
760 2690 880 2788 gloria
896 2689 984 2764 ficta

162 2842 293 2917 Divini
310 2843 476 2940 generis:
504 2841 620 2915 veluti
632 2842 700 2914 bos
718 2852 854 2914 stratus
871 2841 919 2914 ad
936 2864 1040 2914 aram
1165 2884 1190 2925 ,-

164 2985 352 3071 Concidit
380 2997 419 3058 et
435 2984 543 3083 ponit
559 2984 683 3058 media
700 2985 798 3060 inter
813 2985 949 3085 pocula
965 2986 1095 3060 vitam.

166 3134 270 3223 Quid
284 3132 414 3207 famuli
428 3133 598 3229 nardum,
618 3134 708 3232 quid
721 3146 860 3210 tetrum
873 3137 913 3209 in
924 3159 1062 3234 corpus
1072 3135 1203 3211 odoret

143 3385 147 3393 ¹
166 3285 368 3386 Spargitis?
393 3284 534 3359 incedit
550 3311 697 3384 pompae
715 3287 797 3385 quis
814 3286 984 3385 lugubris
1000 3285 1141 3361 ord0?'
1161 3292 1204 3358 16

166 3436 318 3514 Scilicet
335 3438 373 3510 in
391 3462 527 3535 magno
546 3439 598 3512 sic
617 3439 768 3513 condita
786 3439 983 3514 Mausoleo

167 3589 263 3665 Ossa
273 3588 404 3688 jacent
421 3589 536 3687 regis:
564 3591 673 3663 viridi
691 3603 729 3664 at
746 3592 813 3665 sub
832 3592 973 3691 cespite
991 3591 1129 3691 vulgus

166 3739 244 3813 Vix
261 3740 389 3838 paucis
406 3740 547 3837 tegitur
563 3738 701 3838 glebis3
730 3740 916 3815 nbi'rarus
934 3742 972 3815 iu
990 3741 1109 3817 herbd
1151 3798 1158 3811 ..

169 3889 340 3990 Apparet
356 3887 464 3987 lapis,
490 3899 601 3987 atque
620 3912 738 3962 annos
753 3902 793 3964 et
809 3890 1155 3992 nominalsimplem
1166 3897 1213 3967 2⁰

167 4036 394 4113 Describens
411 4046 604 4135 praecepta
620 4034 703 4108 rudi
722 4035 787 4112 dat
802 4039 1146 4117 commoda'versu.
1189 4104 1208 4117 ,.
