2648 4868
383 470 522 550 musra·
543 457 798 549 aronnnsns.
1053 467 1105 544 65

71 667 276 750 Horrorem
293 671 371 762 leti,
398 689 437 750 et
453 678 612 752 turbatae
628 677 810 751 insomnia
827 672 972 750 mentis.
1056 678 1105 749 45
1240 667 1246 681 ’

67 816 120 898 Et
137 822 310 935 quoniam
328 821 491 900 fortunai
508 845 704 924 rerumque
720 823 859 923 potitos

66 936 275 1046 Praesertim
294 985 440 1070 ereptos
457 997 550 1046 nece
569 971 760 1071 deplorare
778 991 937 1056 suemus,

63 1116 181 1206 Quod
197 1117 315 1193 multo
333 1118 412 1195 haec
429 1118 511 1194 loca
527 1112 752 1219 linquenteis
770 1117 953 1192 desiderio
969 1113 1036 1190 icti

66 1260 364 1363 Impenetrabilis
382 1267 572 1342 horrorem
589 1293 736 1368 coepere
754 1265 877 1341 silenti

64 1408 298 1512 Endogredi:
324 1439 413 1514 ergo
432 1417 570 1490 umbris
588 1417 715 1491 avidos
731 1438 891 1514 purgare
907 1410 1102 1487 necesse’st

65 1559 214 1648 Sensus,
242 1562 494 1661 expositaeque
511 1563 608 1637 tueri
626 1561 726 1637 mille
742 1561 891 1660 periclis
1053 1564 1094 1631 5]

64 1707 223 1809 Praemia
240 1711 349 1785 vitai:
377 1710 443 1785 sed
460 1711 560 1786 enim
576 1709 743 1809 livorque
761 1707 962 1807 odiumque

65 1854 327 1956 Humanaeque
344 1859 444 1932 vices
462 1885 484 1931 a
501 1857 652 1931 summis
668 1856 870 1930 verticibus
888 1855 979 1928 dant

64 2003 306 2106 Praecipiteis,
334 2005 397 2104 qui
414 2001 623 2103 tranquillae
640 2002 678 2075 in
697 2001 856 2075 statione
873 1966 1007 2099 quietis

62 2151 181 2252 Supra
196 2151 442 2227 bacchantem
459 2162 611 2250 possent
628 2161 795 2250 spectare
812 2148 1024 2248 procellam.
1051 2156 1097 2221 55

63 2293 279 2398 Pompeiani
297 2270 391 2373 ‘a'deo
408 2323 534 2374 manes
550 2325 617 2400 per
635 2296 781 2374 Niliaca
799 2312 922 2376 errant
1015 2300 1018 2308 ⁴

60 2446 203 2538 Litora,
228 2459 267 2523 et
284 2417 429 2523 auditos
447 2459 631 2523 nocturno
648 2460 815 2547 tempore
832 2447 941 2524 fletus

60 2592 259 2692 Integrant
275 2595 444 2685 miseros;
463 2620 529 2694 per
547 2596 708 2671 Thracia
724 2622 810 2671 rura
828 2597 1081 2697 Philipporum

24 2770 30 2777 ·
59 2737 241 2837 Agricola
257 2740 407 2838 expavit
424 2739 619 2815 simulacra
635 2742 819 2829 informia,
847 2744 950 2818 Cassi

59 2885 197 2960 Iratam
216 2886 386 2985 effigiem,
415 2898 453 2961 et
467 2887 668 2967 stillantem
681 2891 833 2969 volnere
851 2893 1021 2967 Brutum.
1049 2895 1098 2968 60

60 3033 165 3133 Ergo
181 3034 313 3133 aliquis
330 3037 542 3135 trepidabit,
571 3047 609 3111 et
626 3038 695 3114 hac
712 3064 752 3114 se
768 3041 808 3112 in
825 3053 936 3114 nocte
954 3042 1088 3114 morari

60 3181 301 3281 Indupeditu'
317 3196 431 3271 metu,
459 3183 663 3283 miseratque
681 3180 856 3286 cupidine
874 3185 987 3260 falsus

57 3331 252 3407 Latrabit?
276 3335 450 3432 quoniam
468 3355 589 3407 rerum
609 3330 656 3402 ad
672 3328 822 3426 fastigia
839 3353 982 3402 summa

55 3477 283 3557 Vehementi
300 3493 379 3554 arte
396 3477 632 3562 laborantem,
644 3499 809 3574 quosque
826 3473 968 3548 incluta
978 3474 1094 3549 virtus
1210 3490 1215 3509 ¹

56 3622 247 3718 Provexit,
273 3629 363 3704 dum
381 3629 456 3704 alto
472 3637 666 3704 versantur
683 3623 845 3699 cuhnine
863 3621 983 3712 famae,
1048 3611 1093 3698 65

57 3775 255 3852 Cernimus
272 3789 441 3853 actutum
459 3776 628 3852 detrusos
644 3773 795 3849 luminis
815 3797 896 3847 oras

56 3923 253 4014 Deserere,
279 3925 414 4000 invitos
431 3922 603 4012 multum,
630 3922 863 4019 multumque
881 3933 1079 3995 morantes.

54 4071 342 4175 Antiquamque
358 4073 562 4174 ignominia
577 4082 721 4146 mutare
739 4067 924 4142 decorem.

104 4245 191 4296 VOL·
210 4247 251 4296 11.
549 4243 571 4293 Ρ
