2648 4868
202 440 260 529 82
511 468 643 525 unsa
672 468 929 525 suanenses.

572 738 586 805 1
611 750 692 790 ruoz
715 750 887 790 susrrcnnr.

1071 852 1103 894 Α.
1114 850 1147 895 n.
1164 835 1249 900 1794.

208 1216 293 1295 Aa!
318 1214 408 1304 noli,
432 1241 517 1292 mea
533 1216 622 1304 vita,
650 1214 869 1316 Septimille‚

207 1364 310 1440 Tuas
328 1364 491 1454 delicias,
519 1378 604 1441 tuos
621 1389 776 1454 amores,

207 1513 405 1589 Constanti
422 1515 623 1589 innocuam
640 1513 713 1588 fide
731 1511 906 1613 puellam,

208 1660 285 1758 (Sit
300 1659 449 1760 perjura
465 1660 555 1737 licet
572 1686 786 1762 procaxque
808 1658 1005 1762 tanquam)

210 1806 365 1882 Crudeli
381 1808 502 1897 nimis,
531 1821 570 1883 et
586 1810 696 1883 nimis
714 1809 874 1909 superbo

210 1957 400 2057 Daphnen
417 1957 558 2033 lumine
576 1970 731 2033 moestus
748 1958 900 2035 intueri.

211 2108 315 2198 Quid
332 2108 433 2208 quod
450 2109 489 2181 in
506 2108 630 2206 lepida
645 2108 737 2182 levis
755 2108 902 2202 chored,

211 2256 345 2355 Nuper
362 2255 463 2330 mille
480 2256 603 2354 procis
621 2256 751 2355 petita,
779 2256 915 2357 cuique

211 2415 333 2492 Arrisi
348 2414 480 2502 facilis,
508 2438 579 2489 nec
597 2439 660 2490 ore
677 2415 775 2489 tristi

212 2560 351 2639 Molles
367 2560 567 2638 blanditias
585 2588 712 2637 severa
729 2563 832 2662 cepi?

214 2712 322 2789 Solet·
335 2738 420 2787 cum
437 2738 553 2811 grege
571 2715 705 2814 saepius
722 2712 911 2814 frequenti

212 2869 375 2954 Versari,
404 2868 467 2965 pia
484 2891 568 2963 quae
586 2867 760 2941 columba
776 2868 845 2942 soli

213 3018 357 3115 Sponsa
373 3014 476 3088 basia
491 3013 659 3111 pleniora
674 3014 778 3089 libat.

180 3182 183 3193 '
214 3165 281 3243 Ad
297 3176 347 3250 te,
376 3162 466 3237 dum
484 3162 702 3263 choreisque
719 3164 927 3264 risibusque

215 3316 328 3390 Mens
345 3313 451 3410 nigrat
468 3323 573 3410 tepet
590 3312 766 3412 expedita
782 3316 884 3406 curt,

215 3464 266 3538 Et
275 3461 374 3562 jocis
391 3471 500 3534 vacat
517 3458 798 3560 elegantiisque,

215 3611 282 3689 Ad
297 3622 349 3698 te,
378 3608 478 3683 mille
495 3608 618 3707 procis
633 3609 765 3708 petita,
791 3618 896 3684 certo

216 3752 515 3860 Impulsu'redit,
541 3771 580 3832 et
595 3756 733 3831 redibit
750 3781 879 3832 omnes

217 3908 398 3984 Gaudens
416 3903 567 3982 servitio
584 3928 652 3981 suo
667 3928 735 4004 per
752 3926 880 3978 annos.

220 4056 285 4165 Sin
301 4054 403 4144 olim,
429 4053 546 4153 Styge
561 4050 676 4150 pestis
693 4060 775 4125 orta
791 4048 909 4148 nigrt,
