2648 4868
446 439 576 512 musra
607 443 875 516 urouausua

172 764 260 853 QUE'M
283 816 362 853 ENIM
386 816 548 856 INFIRMUM
571 819 718 887 arturrlu
739 819 802 858 AUT
824 821 932 861 numo
956 806 1139 862 somclw?

143 920 238 995 Tighe.
691 941 694 944 ·
888 986 889 990 ,
914 965 916 969 >
1004 952 1033 991 i.
1048 951 1078 991 n.
1095 940 1183 1016 irari

141 1228 365 1315 Exuurara,
395 1229 529 1328 quibus
546 1229 743 1325 gemmatis
762 1219 907 1306 sumere
925 1231 1042 1328 poclis

186 1375 364 1448 Luxuriae
382 1372 437 1448 fas
456 1376 503 1449 sit
521 1375 631 1448 mista
647 1401 792 1449 venena
809 1402 940 1468 manu3

136 1521 326 1610 Exustam,
355 1525 488 1622 quibus
508 1523 640 1596 sternit
657 1523 828 1621 laqueata
845 1550 911 1622 per
929 1526 1023 1601 aulae

186 1671 297 1745 Atria
313 1697 541 1769 purpureum
560 1671 661 1746 lenta
676 1672 833 1746 Vacuna
851 1687 993 1749 torum:

137 1820 264 1894 Fausti
282 1823 478 1908 nimirum,‘
492 1822 637 1919 quoties
656 1822 869 1919 spectacula
887 1824 990 1922 vulgi
1135 1836 1181 1917 ,ὃ

141 1962 146 1973 ’
166 1966 317 2040 'Vitrea
335 1993 399 2038 vos
419 1967 536 2038 niveis
555 1965 688 2036 Gloria
705 1966 819 2037 traxit
838 1968 953 2062 equis.

93 2195 95 2202 ,
136 2120 248 2193 Nunc
267 2117 385 2216 epulis
404 2116 503 2201 licet,
532 2128 570 2188 et
587 2115 676 2188 licet
693 2115 889 2214 indulgere
908 2118 1070 2194 choreis:

187 2266 276 2340 Huc
294 2266 393 2352 ades,
422 2276 460 2339 et
478 2277 618 2354 tecum,
647 2263 808 2350 Bacche,
838 2265 886 2338 sit
903 2264 1021 2340 almus
1037 2268 1167 2343 Amor.

107 2451 111 2454 ·
138 2395 243 2487 Hora
259 2413 358 2512 fugit
376 2413 546 2512 zephyris
564 2438 756 2511 pronoque
775 2414 923 2488 citatior
941 2441 1066 2492 amne:

186 2564 338 2649 Ludite,
367 2554 470 2661 queis
489 2574 578 2635 aetas
597 2575 693 2660 apta,
722 2587 793 2637 nee
811 2563 902 2636 hora
918 2576 1039 2640 vetat:
1134 2577 1180 2641 10
1210 2617 1215 2623 -

135 2709 394 2809 Nequicquam
404 2743 414 2802 3
424 2736 509 2782 nam
524 2722 671 2807 tempus
685 2712 769 2801 erit,
777 2716 792 2808 (
794 2711 968 2810 jarn,non
980 2714 1060 2786 sine
1073 2717 1178 2789 saevis

184 2861 268 2937 Jam
288 2862 407 2959 quatit
426 2884 612 2932 exacuens
632 2858 736 2932 Mors
756 2885 821 2935 sua
840 2860 913 2935 tela
932 2863 1059 2958 minis)

136 3008 254 3083 Vobis
271 3021 418 3107 tempus
437 3001 518 3094 erit,
532 3009 633 3108 (quis
647 3008 744 3082 enim
759 3008 837 3084 fata
847 3036 976 3109 aspera
989 3009 1178 3108 rumpetP.)

143 3151 145 3156 ’
186 3160 312 3233 Rodet
329 3160 393 3232 ubi
405 3159 543 3233 vindex
563 3161 712 3234 conscia
730 3161 844 3235 corda
862 3161 977 3235 dolor.

136 3305 286 3408 Frigida
296 3310 375 3408 jam
390 3311 507 3395 vobiS,
528 3309 607 3408 jam
625 3309 762 3407 pallida
782 3322 912 3396 morte,
929 3309 1112 3408 jacebunt
1133 3319 1176 3381 15

184 3456 358 3531 Membra
376 3483 485 3555 super
504 3459 656 3531 miseros
675 3459 889 3532 excruciata
906 3472 1017 3532 toros.

136 3607 296 3684 Lumina
313 3609 473 3683 suffossis
492 3622 591 3682 retro
610 3606 740 3706 fugere
760 3608 944 3720 cavernis3

183 3759 402 3856 Languidus
423 3758 584 3854 exangui
604 3757 753 3854 spiritus
772 3782 835 3829 ore
853 3757 991 3830 tremit.

138 3909 202 3982 Me
221 3909 411 3984 miserum!
441 3919 580 4006 quanto
600 3929 770 3980 curarum
786 3905 944 3978 fluctuat
962 3919 1054 3979 aestu

185 4055 296 4135 Mens
314 4055 424 4128 luxus
442 4053 552 4136 nullis
572 4051 769 4124 allicienda
787 4047 917 4119 modis.
1132 4049 1181 4113 ⁶20
