2648 4868
366 562 374 570 ³
410 491 543 549 musa
570 491 827 551 accusasse.
1056 471 1174 585 5203x

91 677 276 779 Scipiadae
291 675 414 767 focus,
439 688 478 753 et
496 678 705 753 communis
723 702 831 752 coena
849 675 1006 755 Terenti

141 825 268 906 Finxit
285 825 325 898 in
342 814 503 906 uibanos
520 820 635 900 verba
653 825 789 900 diserta
806 822 912 901 sales.

92 972 188 1049 cum
207 970 317 1048 Maro
334 983 503 1054 cantaret
519 970 719 1074 formosam
740 969 984 1071 Amaryllida,
1011 966 1108 1048 vires

140 1119 299 1218 Ingenio
318 1118 464 1199 Tuscus
483 1118 736 1218 suppeditavit
754 1143 886 1217 eques3

90 1267 187 1343 Mox
204 1269 316 1344 etiam
334 1266 499 1344 insonuit
516 1268 660 1369 plectro
677 1266 828 1366 majore,
856 1266 925 1341 sub
943 1264 1027 1342 altis
1087 1259 1135 1343 23

139 1417 295 1493 Caesaris
313 1420 487 1518 auspiciis
505 1444 608 1494 arma
623 1418 821 1518 virumque
837 1441 988 1494 canens.
1105 1482 1113 1491 „
1155 1382 1158 1391 Ι

88 1568 245 1644 Flaccus
262 1580 300 1644 et
318 1569 530 1644 instabilem
549 1569 708 1667 Cynarae
726 1568 909 1679 moerebat
926 1591 1103 1656 amorem,

138 1711 234 1792 Cum
252 1718 411 1791 fluerent
427 1718 525 1790 inter
541 1715 668 1793 mollia
683 1716 771 1790 vina
788 1716 879 1789 dies.

87 1866 162 1941 Sed
179 1892 300 1965 neque
318 1865 396 1939 sola
412 1866 487 1939 suis
505 1864 627 1938 arrisit
643 1863 794 1938 Graecia
812 1862 946 1950 Musis,

135 2017 219 2090 Nec
237 2014 322 2088 sola·
331 2014 492 2112 ingeniis
508 2014 656 2112 hospita
674 2013 797 2088 Roma
814 2011 907 2087 suis:
1083 2018 1134 2090 30

88 2163 164 2238 Hic
183 2163 295 2237 etiam
313 2164 487 2262 ingenuae
504 2162 573 2237 sub
591 2173 688 2236 nutu
705 2159 863 2236 casaris
879 2171 989 2250 artes,

137 2310 214 2386 Hic
231 2310 335 2388 locus
355 2310 488 2386 Aoniis
505 2311 784 2410 hospitiumque
802 2309 942 2402 choris3

60 2512 64 2516 -
88 2458 165 2533 Hic
182 2459 360 2535 humilem
378 2459 539 2534 invitant
557 2458 680 2533 studia
697 2456 746 2531 ad
763 2455 935 2533 sublimia
952 2454 1105 2533 Musam

136 2605 292 2680 Praemia
308 2605 424 2704 regali
440 2605 636 2679 nobilitata
653 2628 785 2688 manu:
860 2658 863 2663 -
896 2644 899 2649 ·
1129 2564 1132 2573 .

87 2753 328 2852 Invitentque
346 2753 426 2827 diu!
445 2754 593 2827 tantum
611 2776 634 2826 ο
651 2750 700 2826 sit
716 2749 843 2852 digna,
862 2772 1130 2850 necunquam,

137 2901 291 3006 Optime
311 2902 407 2990 Rex,
433 2900 536 2976 laudi
551 2899 651 2977 desit
668 2900 793 2976 Etona
808 2900 905 2976 tuae!
