2648 4868
373 456 506 521 musa
534 460 794 543 aaouausaa.
918 538 921 543 ,
1028 436 1107 537 271

64 602 177 724 Mens
194 646 320 725 studio
335 648 413 725 ruit
429 647 610 736 exsomm,
629 645 864 746 liquidosque
881 657 1050 744 pererrat
1060 653 1111 723 46

66 797 173 873 Aeris
191 797 363 912 exultans
380 808 534 885 tractus,
555 794 635 896 jam
646 794 801 895 jamque
818 792 1004 895 velatum
1076 848 1079 853 ,

62 947 240 1047 Praecipit
257 945 464 1036 aetherium,
492 959 529 1024 et
547 945 659 1046 patrii
677 945 902 1023 commercia
919 945 1005 1023 coeli
1018 955 1050 1030 2,
1090 996 1097 1017 f
1138 957 1139 963 ’

63 1094 179 1170 Haud
197 1095 259 1170 alii
275 1094 395 1171 fidens
411 1108 501 1171 voto
516 1095 719 1197 plagasque
736 1106 962 1194 catenasque
1047 1146 1050 1151 -

62 1245 398 1346 Hospitisexterni
414 1246 562 1335 tolerat,
590 1246 681 1320 dum
698 1244 860 1345 spondet
875 1240 1046 1330 habendi}

32 1392 250 1485 „Catulum
268 1394 366 1473 ultra
383 1407 530 1472 montes
546 1396 617 1471 sibi
633 1395 773 1495 gaudia
788 1396 881 1472 tecti
975 1445 977 1449 ν
1059 1402 1113 1490 50

60 1542 178 1618 Indus
194 1543 332 1644 inopsu
348 1544 402 1621 ibi
417 1545 628 1627 blanditum
646 1544 703 1620 sol
718 1545 844 1621 mitior
860 1547 988 1646 ignem

59 1694 208 1784 Vibrat‚
233 1696 288 1777 ibi
304 1695 428 1770 nullus
447 1696 628 1770 scuticam
641 1694 841 1770 minitatur
859 1695 1014 1782 Iberus,-

58 1846 189 1921 Nativl
207 1855 251 1921 ut
266 1856 421 1945 propter
433 1843 555 1942 ¹ripam
572 1840 761 1942 projectus
779 1841 967 1919 Orellanae

58 1993 111 2069 Et
128 1993 310 2068 comitum
327 1990 438 2079 bella,
463 2002 504 2067 et
519 2001 667 2065 veteres
683 1989 862 2065 decantet
877 2011 1032 2066 amores.

110 2140 514 2241 Contemplator-item,
542 2150 690 2215 maturo
708 2150 751 2215 ut
766 2137 998 2215 leniterictu
1057 2147 1116 2211 55.

58 2289 250 2371 Emoritur
267 2287 408 2387 scelere
424 2288 601 2376 intactus,
627 2287 828 2388 latamque
845 2288 1057 2387 triumphat.

58 2443 297 2543 Prospicieus·
310 2455 468 2537 sortem-3
490 2455 628 2529 tamen,
656 2441 746 2517 heu!
773 2451 899 2515 tamen
917 2438 1019 2516 alma
1032 2439 1106 2514 diei

58 2591 223 2689 Lumina
237 2591 408 2665 deserere
423 2602 463 2665 et
479 2578 682 2689 lacrymam
700 2589 893 2663 moerentis
910 2589 1035 2676 amici,
1059 2640 1062 2647 -

59 2738 230 2821 solicitat
246 2761 375 2816 sensus
392 2737 498 2813 suavi
512 2735 693 2835 languore
710 2747 917 2811 morantes:
972 2792 987 2803 ,.

57 2887 148 2961 Non
157 2885 279 2977 aliter,
286 2884 589 2973 Thamasine,tui
597 2909 714 2985 prope
729 2909 920 2959 murmura
929 2882 1045 2960 fontis
1056 2882 1108 2960 60

57 3036 232 3113 Vidimus
248 3036 598 3138 ambigua-puerum
616 3034 816 3113 dulcedine
833 3034 944 3120 solvi;

57 3185 196 3264 Suadet
214 3186 314 3263 euim
331 3186 461 3261 vitreae
475 3185 602 3260 ridens
617 3183 775 3283 pellacia
790 3181 963 3283 lymphae.
1011 3240 1015 3247 .

57 3336 104 3410 In
121 3334 224 3408 molli
241 3335 420 3410 recubare
437 3334 541 3433 sium
568 3356 667 3430 saepe
685 3330 809 3407 evolat
825 3331 888 3406 ille
964 3382 967 3391 -
1109 3388 1113 3395 .

56 3482 206 3559 Ardens
223 3482 392 3557 fluminei
408 3480 613 3582 amplexds,
640 3478 908 3579 madidumque
926 3491 1104 3557 retractat

57 3633 162 3732 Saepe
178 3632 326 3730 pedem,
353 3643 393 3709 et
408 3629 566 3707 blandos
581 3628 702 3729 pascit
719 3630 787 3705 sub
806 3629 919 3707 corde
937 3631 1101 3706 timores.

105 3781 186 3855 Nos
202 3779 340 3879 trepidi
355 3781 510 3869 interea,
537 3779 707 3878 lucisque
723 3777 879 3855 libidine
897 3779 1001 3867 tacti,
1053 3775 1104 3852 66

56 3926 230 4003 Permolli
247 3926 433 4003 desiderio
449 3926 664 4028 tenerisque
674 3908 866 4029 jacentem

56 4076 318 4178 prosequimur
333 4075 507 4176 lacrymis
524 4090 564 4160 et
580 4077 665 4153 fuso
682 4077 772 4154 flore
790 4076 974 4166 sodalem3
