<?xml version="1.0" encoding="UTF-8"?>
<!DOCTYPE html PUBLIC "-//W3C//DTD XHTML 1.0 Transitional//EN"
    "http://www.w3.org/TR/xhtml1/DTD/xhtml1-transitional.dtd">
<html xmlns="http://www.w3.org/1999/xhtml" xml:lang="en" lang="en">
 <head>
  <title>
</title>
<meta http-equiv="Content-Type" content="text/html;charset=utf-8" />
  <meta name='ocr-system' content='tesseract 3.04.00' />
  <meta name='ocr-capabilities' content='ocr_page ocr_carea ocr_par ocr_line ocrx_word'/>
</head>
<body>
  <div class='ocr_page' id='page_1' title='image "./musetonensesseu01unkngoog_0078.png"; bbox 0 0 2648 4868; ppageno 0'>
   <div class='ocr_carea' id='block_1_1' title="bbox 461 421 1165 504">
    <p class='ocr_par' dir='ltr' id='par_1_1' title="bbox 461 421 1165 504">
     <span class='ocr_line' id='line_1_1' title="bbox 461 421 1165 504; baseline -0.01 0"><span class='ocrx_word' id='word_1_1' title='bbox 461 449 590 504; x_wconf 79' lang='lat' dir='ltr'>musra</span> <span class='ocrx_word' id='word_1_2' title='bbox 620 435 887 501; x_wconf 68' lang='lat' dir='ltr'>arenarum.-</span> <span class='ocrx_word' id='word_1_3' title='bbox 1113 421 1165 498; x_wconf 88' lang='lat'>63</span> 
     </span>
    </p>
   </div>
   <div class='ocr_carea' id='block_1_2' title="bbox 333 791 974 842">
    <p class='ocr_par' dir='ltr' id='par_1_2' title="bbox 333 791 974 842">
     <span class='ocr_line' id='line_1_2' title="bbox 333 791 974 842; baseline -0.002 -11"><span class='ocrx_word' id='word_1_4' title='bbox 333 792 399 832; x_wconf 69' lang='lat' dir='ltr'>NON</span> <span class='ocrx_word' id='word_1_5' title='bbox 419 793 537 832; x_wconf 74' lang='lat' dir='ltr'>unum</span> <span class='ocrx_word' id='word_1_6' title='bbox 558 793 643 842; x_wconf 78' lang='lat' dir='ltr'>VITA,</span> <span class='ocrx_word' id='word_1_7' title='bbox 663 793 718 833; x_wconf 80' lang='lat' dir='ltr'>SED</span> <span class='ocrx_word' id='word_1_8' title='bbox 739 793 862 832; x_wconf 70' lang='lat' dir='ltr'>Domana</span> <span class='ocrx_word' id='word_1_9' title='bbox 884 791 974 830; x_wconf 82' lang='lat' dir='ltr'><strong>MORS.</strong></span> 
     </span>
    </p>
   </div>
   <div class='ocr_carea' id='block_1_3' title="bbox 138 903 1169 1069">
    <p class='ocr_par' dir='ltr' id='par_1_3' title="bbox 138 903 1169 1069">
     <span class='ocr_line' id='line_1_3' title="bbox 138 903 1169 991; baseline -0.004 -29"><span class='ocrx_word' id='word_1_10' title='bbox 138 903 264 962; x_wconf 74' lang='lat' dir='ltr'>Heliam.</span> <span class='ocrx_word' id='word_1_11' title='bbox 361 988 362 991; x_wconf 7' lang='grc' dir='ltr'><strong>Ἰ</strong></span> <span class='ocrx_word' id='word_1_12' title='bbox 995 915 1024 954; x_wconf 76' lang='grc' dir='ltr'>Δ.</span> <span class='ocrx_word' id='word_1_13' title='bbox 1038 917 1069 956; x_wconf 79' lang='lat' dir='ltr'>n.</span> <span class='ocrx_word' id='word_1_14' title='bbox 1084 903 1169 970; x_wconf 82' lang='grc'><strong>1794.</strong></span> 
     </span>
     <span class='ocr_line' id='line_1_4' title="bbox 567 1031 771 1069; baseline -0.02 0"><span class='ocrx_word' id='word_1_15' title='bbox 567 1031 771 1069; x_wconf 76' lang='grc' dir='ltr'>·.-·-....--·-.-ι</span> 
     </span>
    </p>
   </div>
   <div class='ocr_carea' id='block_1_4' title="bbox 136 1187 1174 2476">
    <p class='ocr_par' dir='ltr' id='par_1_4' title="bbox 136 1187 1174 2326">
     <span class='ocr_line' id='line_1_5' title="bbox 137 1187 1070 1289; baseline -0.003 -25"><span class='ocrx_word' id='word_1_16' title='bbox 137 1187 274 1265; x_wconf 82' lang='lat' dir='ltr'>Exrrm</span> <span class='ocrx_word' id='word_1_17' title='bbox 292 1191 427 1288; x_wconf 93' lang='lat' dir='ltr'>apiceis</span> <span class='ocrx_word' id='word_1_18' title='bbox 446 1190 631 1277; x_wconf 78' lang='lat' dir='ltr'>AtlantoS,</span> <span class='ocrx_word' id='word_1_19' title='bbox 659 1201 698 1263; x_wconf 92' lang='lat' dir='ltr'>et</span> <span class='ocrx_word' id='word_1_20' title='bbox 715 1214 863 1287; x_wconf 86' lang='lat' dir='ltr'>aequora</span> <span class='ocrx_word' id='word_1_21' title='bbox 880 1188 1070 1289; x_wconf 85' lang='lat' dir='ltr'><strong>Geryonai</strong></span> 
     </span>
     <span class='ocr_line' id='line_1_6' title="bbox 138 1337 1076 1436; baseline 0 -24"><span class='ocrx_word' id='word_1_22' title='bbox 138 1339 314 1436; x_wconf 85' lang='lat' dir='ltr'>Spumea,</span> <span class='ocrx_word' id='word_1_23' title='bbox 341 1339 510 1413; x_wconf 85' lang='lat' dir='ltr'>cautibus</span> <span class='ocrx_word' id='word_1_24' title='bbox 529 1339 711 1413; x_wconf 90' lang='lat' dir='ltr'>undarum</span> <span class='ocrx_word' id='word_1_25' title='bbox 728 1338 911 1413; x_wconf 78' lang='lat' dir='ltr'>illidentia</span> <span class='ocrx_word' id='word_1_26' title='bbox 927 1337 1076 1424; x_wconf 84' lang='lat' dir='ltr'>molem,</span> 
     </span>
     <span class='ocr_line' id='line_1_7' title="bbox 137 1470 1128 1586; baseline -0.003 -27"><span class='ocrx_word' id='word_1_27' title='bbox 137 1486 283 1586; x_wconf 87' lang='lat' dir='ltr'>Elysios</span> <span class='ocrx_word' id='word_1_28' title='bbox 302 1487 488 1562; x_wconf 91' lang='lat' dir='ltr'>Bermuda</span> <span class='ocrx_word' id='word_1_29' title='bbox 505 1489 604 1560; x_wconf 91' lang='lat' dir='ltr'>sinus</span> <span class='ocrx_word' id='word_1_30' title='bbox 623 1485 832 1583; x_wconf 86' lang='lat' dir='ltr'>coelumque</span> <span class='ocrx_word' id='word_1_31' title='bbox 850 1470 978 1560; x_wconf 73' lang='lat' dir='ltr'>serena</span> <span class='ocrx_word' id='word_1_32' title='bbox 1125 1512 1128 1546; x_wconf 68' lang='grc' dir='ltr'>ι</span> 
     </span>
     <span class='ocr_line' id='line_1_8' title="bbox 139 1634 1106 1730; baseline 0 -23"><span class='ocrx_word' id='word_1_33' title='bbox 139 1634 275 1710; x_wconf 92' lang='lat' dir='ltr'>Pandit</span> <span class='ocrx_word' id='word_1_34' title='bbox 291 1636 376 1715; x_wconf 89' lang='lat' dir='ltr'>luce</span> <span class='ocrx_word' id='word_1_35' title='bbox 393 1636 550 1709; x_wconf 86' lang='lat' dir='ltr'>micans:</span> <span class='ocrx_word' id='word_1_36' title='bbox 577 1635 651 1708; x_wconf 90' lang='lat' dir='ltr'>huc</span> <span class='ocrx_word' id='word_1_37' title='bbox 669 1634 798 1708; x_wconf 91' lang='lat' dir='ltr'>oceani</span> <span class='ocrx_word' id='word_1_38' title='bbox 815 1634 957 1730; x_wconf 93' lang='lat' dir='ltr'>gremio</span> <span class='ocrx_word' id='word_1_39' title='bbox 976 1646 1106 1707; x_wconf 85' lang='lat' dir='ltr'><strong>extans</strong></span> 
     </span>
     <span class='ocr_line' id='line_1_9' title="bbox 139 1753 1174 1884; baseline -0.004 -26"><span class='ocrx_word' id='word_1_40' title='bbox 139 1784 373 1884; x_wconf 90' lang='lat' dir='ltr'>Purpureum</span> <span class='ocrx_word' id='word_1_41' title='bbox 390 1753 485 1858; x_wconf 84' lang='lat' dir='ltr'>bibit</span> <span class='ocrx_word' id='word_1_42' title='bbox 502 1786 647 1881; x_wconf 72' lang='lat' dir='ltr'>integra</span> <span class='ocrx_word' id='word_1_43' title='bbox 664 1782 861 1856; x_wconf 86' lang='lat' dir='ltr'>dulcedine</span> <span class='ocrx_word' id='word_1_44' title='bbox 880 1781 993 1854; x_wconf 90' lang='lat' dir='ltr'>solem</span> <span class='ocrx_word' id='word_1_45' title='bbox 1149 1791 1174 1854; x_wconf 81' lang='lat'><strong><em>5</em></strong></span> 
     </span>
     <span class='ocr_line' id='line_1_10' title="bbox 136 1928 971 2035; baseline -0.008 -29"><span class='ocrx_word' id='word_1_46' title='bbox 136 1933 245 2009; x_wconf 82' lang='lat' dir='ltr'>Laeta</span> <span class='ocrx_word' id='word_1_47' title='bbox 262 1933 473 2035; x_wconf 87' lang='lat' dir='ltr'>superficies</span> <span class='ocrx_word' id='word_1_48' title='bbox 490 1931 613 2015; x_wconf 90' lang='lat' dir='ltr'>terrai,</span> <span class='ocrx_word' id='word_1_49' title='bbox 639 1929 827 2002; x_wconf 89' lang='lat' dir='ltr'>innubilus</span> <span class='ocrx_word' id='word_1_50' title='bbox 845 1928 971 2013; x_wconf 85' lang='lat' dir='ltr'>aether,</span> 
     </span>
     <span class='ocr_line' id='line_1_11' title="bbox 138 2065 1114 2186; baseline -0.006 -30"><span class='ocrx_word' id='word_1_51' title='bbox 138 2078 356 2186; x_wconf 87' lang='lat' dir='ltr'>Asphodelo</span> <span class='ocrx_word' id='word_1_52' title='bbox 373 2078 455 2153; x_wconf 92' lang='lat' dir='ltr'>loca</span> <span class='ocrx_word' id='word_1_53' title='bbox 473 2077 625 2164; x_wconf 87' lang='lat' dir='ltr'>consita,</span> <span class='ocrx_word' id='word_1_54' title='bbox 654 2090 692 2157; x_wconf 76' lang='lat' dir='ltr'>et</span> <span class='ocrx_word' id='word_1_55' title='bbox 709 2088 848 2151; x_wconf 86' lang='lat' dir='ltr'>aeterno</span> <span class='ocrx_word' id='word_1_56' title='bbox 865 2102 976 2150; x_wconf 89' lang='lat' dir='ltr'>aurea</span> <span class='ocrx_word' id='word_1_57' title='bbox 992 2101 1090 2150; x_wconf 88' lang='lat' dir='ltr'>vere.</span> <span class='ocrx_word' id='word_1_58' title='bbox 1111 2065 1114 2072; x_wconf 39' lang='lat'>¹</span> 
     </span>
     <span class='ocr_line' id='line_1_12' title="bbox 139 2226 1090 2326; baseline 0 -24"><span class='ocrx_word' id='word_1_59' title='bbox 139 2228 196 2302; x_wconf 80' lang='lat' dir='ltr'>At</span> <span class='ocrx_word' id='word_1_60' title='bbox 212 2229 353 2304; x_wconf 79' lang='lat' dir='ltr'>circirm</span> <span class='ocrx_word' id='word_1_61' title='bbox 371 2228 468 2326; x_wconf 81' lang='lat' dir='ltr'>nigri</span> <span class='ocrx_word' id='word_1_62' title='bbox 484 2227 621 2300; x_wconf 87' lang='lat' dir='ltr'>fluctus</span> <span class='ocrx_word' id='word_1_63' title='bbox 637 2226 901 2323; x_wconf 84' lang='lat' dir='ltr'>glomerantur,</span> <span class='ocrx_word' id='word_1_64' title='bbox 929 2239 967 2300; x_wconf 87' lang='lat' dir='ltr'>et</span> <span class='ocrx_word' id='word_1_65' title='bbox 984 2227 1090 2302; x_wconf 88' lang='lat' dir='ltr'>ardet</span> 
     </span>
    </p>

    <p class='ocr_par' dir='ltr' id='par_1_5' title="bbox 138 2376 1118 2476">
     <span class='ocr_line' id='line_1_13' title="bbox 138 2376 1118 2476; baseline -0.005 -24"><span class='ocrx_word' id='word_1_66' title='bbox 138 2378 200 2452; x_wconf 88' lang='lat' dir='ltr'>Ira</span> <span class='ocrx_word' id='word_1_67' title='bbox 216 2376 472 2476; x_wconf 86' lang='lat' dir='ltr'>procellarum,</span> <span class='ocrx_word' id='word_1_68' title='bbox 500 2386 538 2449; x_wconf 87' lang='lat' dir='ltr'>et</span> <span class='ocrx_word' id='word_1_69' title='bbox 555 2377 689 2449; x_wconf 91' lang='lat' dir='ltr'>tumidi</span> <span class='ocrx_word' id='word_1_70' title='bbox 710 2376 894 2449; x_wconf 86' lang='lat' dir='ltr'>discordia</span> <span class='ocrx_word' id='word_1_71' title='bbox 909 2377 1027 2475; x_wconf 89' lang='lat' dir='ltr'>ponti.</span> <span class='ocrx_word' id='word_1_72' title='bbox 1115 2390 1118 2397; x_wconf 83' lang='lat'>&#39;</span> 
     </span>
    </p>
   </div>
   <div class='ocr_carea' id='block_1_5' title="bbox 139 2524 1177 2622">
    <p class='ocr_par' dir='ltr' id='par_1_6' title="bbox 139 2524 1177 2622">
     <span class='ocr_line' id='line_1_14' title="bbox 139 2524 1177 2622; baseline 0.001 -24"><span class='ocrx_word' id='word_1_73' title='bbox 139 2524 257 2599; x_wconf 85' lang='lat' dir='ltr'>Haud</span> <span class='ocrx_word' id='word_1_74' title='bbox 270 2550 375 2598; x_wconf 89' lang='lat' dir='ltr'>secus</span> <span class='ocrx_word' id='word_1_75' title='bbox 389 2525 565 2598; x_wconf 87' lang='lat' dir='ltr'>erranteis</span> <span class='ocrx_word' id='word_1_76' title='bbox 577 2524 758 2597; x_wconf 92' lang='lat' dir='ltr'>homineis</span> <span class='ocrx_word' id='word_1_77' title='bbox 773 2529 883 2621; x_wconf 91' lang='lat' dir='ltr'>(quos</span> <span class='ocrx_word' id='word_1_78' title='bbox 897 2549 994 2622; x_wconf 86' lang='lat' dir='ltr'>saepe</span> <span class='ocrx_word' id='word_1_79' title='bbox 1007 2525 1177 2599; x_wconf 85' lang='lat' dir='ltr'>videmus</span> 
     </span>
    </p>
   </div>
   <div class='ocr_carea' id='block_1_6' title="bbox 138 2653 1320 2797">
    <p class='ocr_par' dir='ltr' id='par_1_7' title="bbox 138 2653 1320 2797">
     <span class='ocr_line' id='line_1_15' title="bbox 138 2653 1320 2797; baseline 0.001 -51"><span class='ocrx_word' id='word_1_80' title='bbox 138 2671 230 2797; x_wconf 84' lang='lat' dir='ltr'>Spes</span> <span class='ocrx_word' id='word_1_81' title='bbox 248 2698 382 2746; x_wconf 89' lang='lat' dir='ltr'>vacuas</span> <span class='ocrx_word' id='word_1_82' title='bbox 399 2697 540 2773; x_wconf 89' lang='lat' dir='ltr'>rapere,</span> <span class='ocrx_word' id='word_1_83' title='bbox 568 2682 606 2744; x_wconf 90' lang='lat' dir='ltr'>et</span> <span class='ocrx_word' id='word_1_84' title='bbox 624 2671 746 2743; x_wconf 84' lang='lat' dir='ltr'>subitd</span> <span class='ocrx_word' id='word_1_85' title='bbox 763 2670 961 2744; x_wconf 91' lang='lat' dir='ltr'>formidine</span> <span class='ocrx_word' id='word_1_86' title='bbox 978 2677 1074 2745; x_wconf 69' lang='lat' dir='ltr'>vani</span> <span class='ocrx_word' id='word_1_87' title='bbox 1115 2681 1172 2745; x_wconf 55' lang='grc'>711</span> <span class='ocrx_word' id='word_1_88' title='bbox 1259 2653 1274 2765; x_wconf 80' lang='grc' dir='ltr'> </span> <span class='ocrx_word' id='word_1_89' title='bbox 1319 2673 1320 2678; x_wconf 64' lang='grc'>’</span> 
     </span>
    </p>
   </div>
   <div class='ocr_carea' id='block_1_7' title="bbox 121 2818 1177 3959">
    <p class='ocr_par' dir='ltr' id='par_1_8' title="bbox 121 2818 1177 3959">
     <span class='ocr_line' id='line_1_16' title="bbox 139 2818 996 2918; baseline 0.004 -24"><span class='ocrx_word' id='word_1_90' title='bbox 139 2820 359 2918; x_wconf 90' lang='lat' dir='ltr'>Diriguisse,</span> <span class='ocrx_word' id='word_1_91' title='bbox 388 2844 509 2918; x_wconf 90' lang='lat' dir='ltr'>neque</span> <span class='ocrx_word' id='word_1_92' title='bbox 527 2818 669 2891; x_wconf 78' lang='lat' dir='ltr'>ineerta</span> <span class='ocrx_word' id='word_1_93' title='bbox 684 2818 836 2915; x_wconf 87' lang='lat' dir='ltr'>regione</span> <span class='ocrx_word' id='word_1_94' title='bbox 853 2820 996 2897; x_wconf 84' lang='lat' dir='ltr'>viarum</span> 
     </span>
     <span class='ocr_line' id='line_1_17' title="bbox 143 2969 1112 3076; baseline -0.003 -33"><span class='ocrx_word' id='word_1_95' title='bbox 143 2970 318 3076; x_wconf 76' lang='lat' dir='ltr'>Progredi</span> <span class='ocrx_word' id='word_1_96' title='bbox 336 2970 558 3068; x_wconf 89' lang='lat' dir='ltr'>imaginibus</span> <span class='ocrx_word' id='word_1_97' title='bbox 578 2982 723 3066; x_wconf 88' lang='lat' dir='ltr'>captos;</span> <span class='ocrx_word' id='word_1_98' title='bbox 751 2980 790 3042; x_wconf 91' lang='lat' dir='ltr'>at</span> <span class='ocrx_word' id='word_1_99' title='bbox 807 2970 958 3042; x_wconf 87' lang='lat' dir='ltr'>tandem</span> <span class='ocrx_word' id='word_1_100' title='bbox 977 2969 1112 3042; x_wconf 89' lang='lat' dir='ltr'>animai</span> 
     </span>
     <span class='ocr_line' id='line_1_18' title="bbox 140 3114 1177 3213; baseline -0.005 -21"><span class='ocrx_word' id='word_1_101' title='bbox 140 3117 336 3204; x_wconf 81' lang='lat' dir='ltr'>Pertaesos,</span> <span class='ocrx_word' id='word_1_102' title='bbox 349 3130 474 3192; x_wconf 88' lang='lat' dir='ltr'>tamen</span> <span class='ocrx_word' id='word_1_103' title='bbox 486 3118 613 3190; x_wconf 89' lang='lat' dir='ltr'>horam</span> <span class='ocrx_word' id='word_1_104' title='bbox 625 3140 742 3212; x_wconf 84' lang='lat' dir='ltr'>aegros</span> <span class='ocrx_word' id='word_1_105' title='bbox 753 3117 938 3213; x_wconf 90' lang='lat' dir='ltr'>trepidare</span> <span class='ocrx_word' id='word_1_106' title='bbox 950 3114 1177 3213; x_wconf 88' lang='lat' dir='ltr'>supremam)</span> 
     </span>
     <span class='ocr_line' id='line_1_19' title="bbox 137 3262 1176 3365; baseline -0.008 -23"><span class='ocrx_word' id='word_1_107' title='bbox 137 3269 275 3342; x_wconf 87' lang='lat' dir='ltr'>Sancta</span> <span class='ocrx_word' id='word_1_108' title='bbox 293 3267 396 3365; x_wconf 90' lang='lat' dir='ltr'>quies</span> <span class='ocrx_word' id='word_1_109' title='bbox 414 3266 533 3340; x_wconf 90' lang='lat' dir='ltr'>reficit</span> <span class='ocrx_word' id='word_1_110' title='bbox 548 3264 662 3352; x_wconf 77' lang='lat' dir='ltr'>necis</span> <span class='ocrx_word' id='word_1_111' title='bbox 691 3275 729 3337; x_wconf 90' lang='lat' dir='ltr'>et</span> <span class='ocrx_word' id='word_1_112' title='bbox 746 3288 820 3336; x_wconf 85' lang='lat' dir='ltr'>nox</span> <span class='ocrx_word' id='word_1_113' title='bbox 839 3262 914 3336; x_wconf 91' lang='lat' dir='ltr'>alta</span> <span class='ocrx_word' id='word_1_114' title='bbox 931 3263 1101 3361; x_wconf 90' lang='lat' dir='ltr'>sepulcri.</span> <span class='ocrx_word' id='word_1_115' title='bbox 1132 3270 1176 3336; x_wconf 85' lang='lat'>15</span> 
     </span>
     <span class='ocr_line' id='line_1_20' title="bbox 188 3409 1155 3508; baseline -0.008 -21"><span class='ocrx_word' id='word_1_116' title='bbox 188 3414 245 3488; x_wconf 86' lang='lat' dir='ltr'>At</span> <span class='ocrx_word' id='word_1_117' title='bbox 261 3438 329 3487; x_wconf 91' lang='lat' dir='ltr'>nos</span> <span class='ocrx_word' id='word_1_118' title='bbox 345 3414 580 3487; x_wconf 87' lang='lat' dir='ltr'>immemores</span> <span class='ocrx_word' id='word_1_119' title='bbox 597 3436 858 3499; x_wconf 88' lang='lat' dir='ltr'>aerumnarum,</span> <span class='ocrx_word' id='word_1_120' title='bbox 884 3410 1017 3508; x_wconf 90' lang='lat' dir='ltr'>quibus</span> <span class='ocrx_word' id='word_1_121' title='bbox 1035 3409 1124 3507; x_wconf 88' lang='lat' dir='ltr'>aegri</span> <span class='ocrx_word' id='word_1_122' title='bbox 1152 3490 1155 3495; x_wconf 33' lang='lat'>‚</span> 
     </span>
     <span class='ocr_line' id='line_1_21' title="bbox 138 3562 1108 3660; baseline -0.007 -24"><span class='ocrx_word' id='word_1_123' title='bbox 138 3562 349 3649; x_wconf 90' lang='lat' dir='ltr'>Indoluere‚</span> <span class='ocrx_word' id='word_1_124' title='bbox 377 3587 498 3660; x_wconf 90' lang='lat' dir='ltr'>neque</span> <span class='ocrx_word' id='word_1_125' title='bbox 515 3563 582 3636; x_wconf 94' lang='lat' dir='ltr'>hos</span> <span class='ocrx_word' id='word_1_126' title='bbox 599 3564 742 3634; x_wconf 73' lang='lat' dir='ltr'>matura</span> <span class='ocrx_word' id='word_1_127' title='bbox 760 3574 878 3632; x_wconf 85' lang='lat' dir='ltr'>morte</span> <span class='ocrx_word' id='word_1_128' title='bbox 895 3570 1108 3656; x_wconf 86' lang='lat' dir='ltr'>peremptos</span> 
     </span>
     <span class='ocr_line' id='line_1_22' title="bbox 121 3690 1148 3812; baseline -0.002 -27"><span class='ocrx_word' id='word_1_129' title='bbox 121 3711 400 3812; x_wconf 46' lang='lat' dir='ltr'>⁴Prosequimur</span> <span class='ocrx_word' id='word_1_130' title='bbox 417 3710 513 3785; x_wconf 90' lang='lat' dir='ltr'>festo</span> <span class='ocrx_word' id='word_1_131' title='bbox 532 3711 703 3799; x_wconf 91' lang='lat' dir='ltr'>clamore,</span> <span class='ocrx_word' id='word_1_132' title='bbox 731 3736 852 3809; x_wconf 90' lang='lat' dir='ltr'>neque</span> <span class='ocrx_word' id='word_1_133' title='bbox 870 3690 1038 3809; x_wconf 92' lang='lat' dir='ltr'>improba</span> <span class='ocrx_word' id='word_1_134' title='bbox 1054 3709 1148 3784; x_wconf 91' lang='lat' dir='ltr'>lucis</span> 
     </span>
     <span class='ocr_line' id='line_1_23' title="bbox 136 3858 977 3959; baseline -0.006 -23"><span class='ocrx_word' id='word_1_135' title='bbox 136 3858 354 3936; x_wconf 87' lang='lat' dir='ltr'>Deserimus</span> <span class='ocrx_word' id='word_1_136' title='bbox 372 3860 448 3935; x_wconf 86' lang='lat' dir='ltr'>laeti</span> <span class='ocrx_word' id='word_1_137' title='bbox 466 3859 635 3948; x_wconf 89' lang='lat' dir='ltr'>confinia,</span> <span class='ocrx_word' id='word_1_138' title='bbox 663 3885 778 3959; x_wconf 89' lang='lat' dir='ltr'>regna</span> <span class='ocrx_word' id='word_1_139' title='bbox 796 3859 977 3932; x_wconf 83' lang='lat' dir='ltr'>dolorum.</span> 
     </span>
    </p>
   </div>
   <div class='ocr_carea' id='block_1_8' title="bbox 136 4006 1178 4108">
    <p class='ocr_par' dir='ltr' id='par_1_9' title="bbox 136 4006 1178 4108">
     <span class='ocr_line' id='line_1_24' title="bbox 136 4006 1178 4108; baseline -0.007 -25"><span class='ocrx_word' id='word_1_140' title='bbox 136 4007 343 4108; x_wconf 76' lang='lat' dir='ltr'>,Caligantis</span> <span class='ocrx_word' id='word_1_141' title='bbox 360 4008 458 4082; x_wconf 85' lang='lat' dir='ltr'>enim</span> <span class='ocrx_word' id='word_1_142' title='bbox 478 4008 583 4083; x_wconf 90' lang='lat' dir='ltr'>ducit</span> <span class='ocrx_word' id='word_1_143' title='bbox 599 4007 749 4084; x_wconf 88' lang='lat' dir='ltr'>vesania</span> <span class='ocrx_word' id='word_1_144' title='bbox 766 4006 901 4082; x_wconf 90' lang='lat' dir='ltr'>mentis</span> <span class='ocrx_word' id='word_1_145' title='bbox 1128 4009 1178 4083; x_wconf 72' lang='lat'>20</span> 
     </span>
    </p>
   </div>
   <div class='ocr_carea' id='block_1_9' title="bbox 0 0 1330 4868">
    <p class='ocr_par' dir='ltr' id='par_1_10' title="bbox 0 0 1330 4868">
     <span class='ocr_line' id='line_1_25' title="bbox 0 0 1330 4868; baseline 0 0"><span class='ocrx_word' id='word_1_146' title='bbox 0 0 1330 4868; x_wconf 95' lang='lat' dir='ltr'> </span> 
     </span>
    </p>
   </div>
  </div>
 </body>
</html>
