2648 4868
313 519 315 523 4
451 433 583 524 unsa:
612 434 870 512 nuonausus.
1130 416 1184 496 29

141 619 196 696 Ut
212 619 358 720 pipians
374 618 437 708 hic
454 621 543 703 inde
560 623 676 706 floreo
693 623 778 699 salit

188 767 317 843 Passer
336 768 511 846 fenestrae
528 772 710 869 tegmine!

136 914 194 991 Ut
211 916 326 991 latera
343 919 481 1011 montis
499 919 674 994 insonant
691 920 926 1012 venantibus,
1137 931 1184 1009 25

187 1063 401 1163 Vallesque‚
430 1078 469 1140 et
485 1065 644 1140 arduum
662 1068 809 1162 nemus!

137 1211 291 1312 Longos
309 1216 377 1307 sub
395 1215 536 1307 umbris
554 1216 727 1303 arbonum
745 1216 893 1300 oidines
910 1215 1003 1292 libet

189 1361 366 1438 Lustrare
383 1365 469 1439 vivo
488 1361 646 1463 cespite:
707 1438 719 1457 ι

136 1508 250 1585 Libet
266 1513 460 1586 trementis
479 1538 624 1599 summa
640 1537 712 1612 per·
725 1514 922 1604 cacumina

188 1657 329 1734 Videre
345 1660 496 1734 luminis
508 1660 621 1758 jubar
627 1693 639 1755 3

139 1808 345 1908 Utcunque
363 1809 481 1909 gloria
498 1823 612 1911 caput
630 1811 684 1894 snl
697 1811 859 1899 vestiens

186 1955 301 2030 Diem
320 1957 466 2031 reducit
483 1957 684 2033 roscidum.

136 2101 240 2177 Dum
257 2105 397 2178 rustica
412 2129 480 2202 per
497 2129 585 2179 arva
601 2103 724 2184 fistula
742 2116 850 2182 sonat

186 2251 328 2339 Pastor,
357 2250 533 2352 canitque
552 2251 741 2351 Thyrsida'
840 2264 843 2271 '
1038 2361 1041 2367 ‚

137 2397 269 2474 Puella
286 2400 455 2480 mulctris
472 2400 648 2477 assidens.
701 2401 756 2476 Ut
772 2403 971 2493 montium,
1104 2433 1106 2436 ·
1134 2411 1183 2480 85

187 2548 505 2647 Praedivitumque
523 2547 690 2665 vallium,

138 2693 350 2795 Oviumque
368 2656 653 2795 pervagantium
672 2697 774 2771 dulci
785 2696 895 2796 juvat

188 2843 425 2919 Recumbere
443 2843 483 2917 in
501 2843 730 2944 spectaculo!

141 2989 217 3065 Hic
235 3000 336 3078 tecta
354 2991 483 3066 crebra
499 3016 706 3090 pauperum
725 2991 793 3067 sub
811 2989 897 3068 ilice

187 3139 328 3215 Latent
345 3151 475 3238 operta
493 3140 687 3215 stramine:
1129 3150 1185 3217 40
1268 3206 1274 3215 .

140 3286 262 3373 Quum
281 3312 379 3387 saepe
396 3312 551 3387 gramen
568 3286 638 3376 his,
666 3300 705 3363 et
724 3286 864 3363 occidit
881 3311 1005 3390 seges3

189 3434 226 3510 Ο
244 3461 378 3510 aureus
396 3438 483 3511 vere
499 3434 619 3511 labor!

140 3585 263 3675 Quam
282 3611 379 3685 saepe
398 3585 600 3661 constitere
616 3583 786 3685 languidi
802 3584 918 3660 boves

188 3734 388 3811 Siticuloso
405 3734 474 3810 sub
491 3732 598 3810 Jove.
676 3758 678 3764 ’

137 3882 255 3960 Beata
271 3886 396 3962 scona!
424 3883 605 3997 rusticum
622 3883 712 3962 hinc
729 3897 768 3962 et
782 3883 872 3976 hino
888 3884 1043 3962 chorum
1135 3892 1183 3960 45

186 4034 244 4109 Ut
259 4036 379 4111 orbita
395 4034 480 4111 rudi
497 4035 676 4135 implicat,
