2648 4868
166 456 249 561 170
430 560 433 569 1
488 484 618 543 uuam
640 488 901 547 mannasses.

214 668 378 745 Nomina
394 670 483 769 quin
500 671 612 747 liceat
630 673 737 748 variis
756 698 960 749 memorare
976 674 1140 752 metallis

66 903 70 910 ,
166 818 263 917 Quae
279 817 371 893 sint:
398 842 462 893 ore
479 820 616 897 rubens
632 820 728 896 flavo
745 821 800 897 sol
818 822 955 898 dieitur
971 848 1125 899 aurum:

163 964 407 1065 Splendorem
424 965 650 1081 titulumque
666 967 785 1085 refert:
798 982 975 1069 argentea
991 970 1094 1047 lunae

160 1116 335 1193 Lamina:
362 1115 555 1205 dilectum,
582 1117 677 1193 coelo
692 1119 942 1218 pulcherrima
957 1117 1090 1210 forma,

161 1265 396 1342 Vindicataes
404 1232 738 1365 CypriumVenus;
758 1268 921 1345 hecnam
933 1270 1200 1371 saepeeoruscir

160 1412 346 1487 Distinxit
363 1411 531 1485 miranda
546 1410 656 1500 notis,
682 1412 754 1488 hdc
772 1413 915 1489 daedala
929 1414 1028 1490 ludit
1153 1412 1199 1489 26

73 1616 80 1637 .
159 1559 256 1635 Arte
272 1559 358 1635 rudi
374 1571 525 1652 natura;
553 1584 799 1660 expressaque
817 1561 976 1655 discolor
994 1562 1067 1638 lris

157 1704 363 1785 Curvatum
381 1708 496 1784 decus
513 1720 552 1783 et
568 1708 689 1809 pictos
707 1709 937 1785 discriminat
953 1710 1109 1803 imbres,

156 1856 238 1935 Aut
255 1857 401 1935 stellata
416 1869 565 1934 tumens
582 1857 713 1958 pandit
730 1857 942 1957 spectacula
957 1883 1067 1959 pavo.

156 1982 347 2095 Saturnus,
374 2006 482 2083 tardo
498 2004 627 2105 palens
644 2031 731 2082 cum
747 2004 901 2094 lumine,
927 2006 1084 2107 plumbo
1146 2012 1195 2089 80

152 2156 341 2233 Laetatur:
367 2155 466 2230 ferro
485 2152 619 2229 Martis
635 2153 866 2229 tristissimus
885 2154 1005 2237 ardor,
1146 2202 1150 2207 -

56 2320 59 2325 ’
151 2311 218 2397 At,
244 2316 361 2410 prope
379 2307 442 2406 qui
459 2306 574 2382 solem
590 2305 664 2381 levi
683 2306 926 2383 circumvolat
943 2333 1027 2395 axe,

150 2457 363 2534 Mercurius
378 2440 546 2570 preprl'os
563 2455 690 2529 latices
706 2454 881 2554 liquentis
898 2457 1038 2531 amavit
1157 2472 1160 2479 '
1189 2456 1194 2463 '

148 2604 332 2705 Argenti:
357 2564 593 2703 magnhiud
608 2601 673 2677 ruo
690 2602 825 2678 subare
842 2602 1035 2678 maurum
1096 2584 1114 2653 ’-
1165 2650 1170 2655 -

17 2833 19 2837 ,
145 2732 303 2831 Exultat
318 2763 444 2845 motu,
471 2763 511 2827 et
526 2750 635 2851 pulsu
654 2752 684 2825 si
701 2751 858 2838 triveris,
885 2751 975 2825 iude
1137 2758 1185 2825 85

144 2902 411 2986 Conturbatur,
440 2909 479 2973 et
494 2897 723 2971 ln'minimos
740 2897 909 2974 diffusilis
926 2900 1034 2975 orbes

143 3048 365 3133 Dimanans,'
390 3023 549 3144 speculis
565 3043 992 3145 velutisplendentibus,
1019 3048 1156 3137 almam

142 3192 313 3271 Effundit
327 3190 465 3283 lucem,
491 3204 530 3267 et
547 3192 742 3267 simulacra
758 3192 905 3292 objecta
921 3196 1093 3271 remittit.

190 3314 384 3442 Praecipue
400 3343 472 3418 hoc
490 3342 647 3417 Venetis
656 3340 778 3442 jactat
795 3342 918 3417 vicina
934 3343 1130 3419 metallum

139 3491 253 3581 Idria,'
280 3503 319 3567 et
335 3492 483 3567 occulti
498 3491 648 3592 penitus
664 3490 798 3565 tellure
816 3490 969 3565 laborat.
1132 3500 1181 3566 40

134 3640 235 3717 Ecce
254 3639 451 3741 supercilio
467 3640 578 3739 rigidi
594 3637 777 3748 spiracula
793 3639 930 3712 montis

139 3788 243 3878 Alta,
270 3801 439 3888 angusta,
456 3758 615 3889 ‘patent3
644 3800 683 3864 et
698 3789 812 3889 longo
830 3788 977 3863 tramite
995 3788 1117 3865 fertur
1186 3873 1189 3881 ,

136 3932 208 4006 Per
223 3928 362 4005 clivum
373 3928 411 4002 in
423 3952 589 4027 praeceps
603 3927 742 4013 aditus;
759 3929 986 4027 tandemque
996 3928 1176 4021 'videntur

135 4080 382 4159 Mersi·nocte
397 4080 504 4169 lares,
532 4091 570 4155 et
586 4091 696 4155 terrae
713 4078 884 4155 informia
901 4080 1053 4177 templa.
1080 4138 1083 4143 .
