2648 4868
444 476 577 568 MUSAE
606 477 871 536 ETONENSESJ.

138 660 359 748 niceriam,
390 687 482 762 quos
500 675 580 738 atra
598 666 760 764 supremi
777 663 919 741 funeris
936 666 1027 742 hora

136 811 359 910 Composuit
375 809 463 898 leto,
492 811 638 898 florent,
666 815 846 911 nigraque
860 814 1020 914 sepulcri

136 959 261 1032 Nocte
280 969 419 1044 carent,
446 957 536 1031 dum
555 970 660 1032 muta
678 984 827 1032 suorum
846 962 971 1036 reddit
987 964 1110 1064 imago

139 1111 329 1211 Abreptos
347 1112 464 1186 oculis
481 1114 696 1212 positosque
715 1140 761 1188 ex
780 1116 911 1190 ordine
928 1131 1062 1216 patres.

187 1261 271 1336 Nec
290 1261 408 1335 solum
426 1263 607 1338 humanas
625 1267 746 1364 aperit,
763 1267 916 1342 Pictura
934 1267 1084 1367 figuras,
1135 1277 1183 1345 95

138 1389 401 1512 Spirantesque
418 1428 525 1490 notat
542 1416 621 1491 fuci
640 1419 853 1493 discrimine
870 1420 1014 1495 vultus:

138 1560 271 1635 Omnis
290 1588 378 1660 opes
396 1562 449 1636 illi
464 1566 631 1662 proprias
649 1578 783 1640 natura
799 1567 971 1655 recludit,

138 1684 549 1812 Quaquelatentponti
560 1715 629 1788 sub
641 1740 837 1804 marmore,
854 1742 1011 1816 quaeque
1024 1719 1091 1792 sub
1103 1719 1185 1794 imis

142 1860 247 1935 Rura
265 1875 396 1936 tenent
414 1864 547 1953 antris;
576 1832 707 1936 aridus
725 1866 815 1936 dum
833 1864 966 1939 lu'strat
985 1866 1124 1940 ocellus
1165 1914 1176 1939 .¹

141 2011 387 2108 Fluminaque
401 2009 648 2108 scopulosque
662 2022 701 2084 et
714 2013 852 2083 amoeni
863 2010 1011 2109 frigoris
1023 2015 1184 2103 umbras,

142 2157 300 2232 Pictoris
318 2159 495 2233 distincta
512 2184 637 2245 manu,
664 2185 732 2257 per
750 2124 894 2233 daedala
913 2160 1069 2260 Tempe,
1141 2139 1183 2237 ui

142 2308 246 2380 Arva
262 2329 342 2404 per,
370 2319 408 2381 et
425 2307 538 2381 sacris
556 2307 753 2406 Dryadum
771 2309 953 2383 bacchata
963 2313 1090 2408 vagari

143 2458 247 2530 Rura
265 2457 387 2531 choris
405 2457 553 2547 videor3
582 2459 731 2556 requies
746 2458 824 2544 ubi,
851 2459 1046 2557 priscaque
1060 2436 1148 2535 titre

99 2619 102 2624 ’
143 2606 383 2705 Simpliciter,
410 2617 449 2679 et
466 2629 573 2704 aquae
591 2605 721 2680 molles
738 2630 855 2705 prope
873 2607 1027 2680 flumina
1045 2612 1163 2682 somni

135 2755 231 2828 ‘Non
250 2754 402 2826 absunt:
424 2751 620 2826 Musarum
638 2751 715 2824 illic
732 2752 937 2850 Phoebique
955 2753 1127 2827 sacerdos
1140 2759 1189 2828 35

146 2899 272 2974 Aonio
290 2924 470 2975 accensus
487 2905 656 2974 resonem
673 2898 758 2974 loca
776 2899 884 2973 devia
902 2912 1026 2974 cantu.

193 3047 303 3122 Parte
321 3047 391 3121 alia
409 3047 582 3121 ardentes
599 3045 747 3120 fervent
765 3048 831 3120 ubi
848 3047 952 3121 crede
970 3048 1128 3137 tabellae,
1158 3096 1172 3117 -1

146 3191 433 3291 Bellantumque
451 3173 550 3268 acies
568 3192 710 3265 circum
729 3205 767 3267 et
786 3192 997 3267 Mavortius
1014 3194 1107 3268 ordo
1172 3248 1174 3255 ·

146 3338 381 3430 Panduntur,
406 3341 617 3438 passimque
635 3337 727 3412 furit
744 3340 800 3412 vis
818 3338 967 3413 horrida
984 3338 1092 3431 belli,
1159 3390 1163 3397 -

147 3486 247 3560 Tum
265 3500 391 3563 tamen
408 3489 590 3562 instantes
606 3512 752 3586 pugnas
771 3488 899 3562 audire
917 3489 1108 3587 trucisque
1145 3499 1193 3563 40

148 3632 284 3709 Martis
302 3662 394 3735 opus
408 3637 549 3723 videor,
564 3637 802 3734 gemitusque
816 3635 963 3708 haurire
979 3637 1191 3710 cadentum.

147 3780 305 3856 Cernis?
331 3785 388 3856 uti
406 3783 537 3882 Superi
556 3781 681 3879 Trojae
699 3784 767 3856 sub
786 3783 971 3855 moenibus
989 3782 1058 3880 ipsi
1148 3847 1152 3855 .

148 3928 376 4028 Confligant,
405 3957 587 4029 saevaque
601 3932 743 4004 instans
761 3929 961 4003 Discordia
980 3929 1074 4002 caedi

830 4054 845 4070 χ

152 4076 297 4179 Perque
310 4093 420 4167 rotas,
432 4105 572 4180 perque
585 4106 698 4167 arma,
713 4092 751 4154 et
765 4092 887 4154 vastos
902 4080 1032 4175 stragis
1044 4103 1194 4151 acervos
