2648 4868
135 411 225 525 2325
445 435 582 493 nuens
608 434 866 493 senonenses.

138 619 243 693 Dum
270 616 403 695 leviter
433 619 603 718 strepuit,
641 584 891 717 resonumque
921 616 970 691 ad
997 641 1188 693 murmura

290 793 469 855 murmur,

168 913 244 1025 ..Et
261 928 433 1016 questum
452 915 499 989 ad
517 927 670 1015 questus
686 915 761 998 fida
777 913 921 990 remisit
938 938 1050 1014 aqua.

146 1061 297 1140 Aureus
314 1065 376 1142 ille
395 1066 489 1142 dies!
516 1078 555 1140 at
573 1066 664 1166 quid
680 1065 841 1167 loquor?
867 1065 932 1140 An
949 1062 1026 1138 fuit
1043 1075 1136 1140 aetas

171 1207 176 1218 ’
197 1212 358 1288 Dulcior
375 1212 457 1287 haec
475 1211 577 1286 aliis?
601 1210 749 1286 mollior
766 1211 859 1286 hora
874 1204 969 1286 suit?

149 1365 293 1440 Pallor?
319 1389 367 1438 an
385 1364 533 1462 ignotos
552 1362 715 1438 calamus
734 1362 910 1437 diffundit
925 1362 1095 1465 honores
1154 1369 1198 1435 25

202 1513 279 1613 Hie
295 1527 402 1605 tuus;
430 1525 469 1588 et
486 1513 763 1613 multb'gratior
779 1514 868 1589 inde
887 1514 989 1589 dies?
1177 1504 1180 1509 ’

154 1662 248 1751 Quis
265 1660 408 1762 pudor?
423 1648 591 1738 'accedat
607 1689 706 1739 nova
723 1663 847 1738 danda
862 1662 1020 1739 licentia
1036 1658 1163 1739 nobis!

204 1813 354 1911 Incipe;
382 1812 484 1911 quod
501 1837 631 1887 verum
650 1813 679 1886 si
697 1823 812 1903 vetat,
839 1823 951 1910 urget
967 1836 1090 1908 amor.
1193 1818 1200 1823 '
1235 1808 1241 1816 ’

156 1961 232 2036 Dic
262 1961 366 2049 mihi,
408 1985 492 2060 quae
529 1963 641 2038 toties
668 1986 771 2061 spem
799 1922 963 2060 parvam·
985 1948 1203 2060 animosque

304 2102 472 2178 labantes
806 2086 809 2092 ’

209 2214 359 2328 Somnia
374 2253 563 2327 lenierunt
581 2246 686 2352 (vena
702 2253 849 2349 futura)
867 2278 980 2329 meos.
1162 2256 1209 2351 80

162 2400 217 2476 At
235 2400 338 2475 senio
355 2411 507 2499 torpent
524 2400 657 2503 animi;
685 2427 756 2478 nec
774 2401 952 2502 languida
968 2393 1093 2478 virtus
1115 2422 1119 2431 ·
1202 2408 1205 2413 ’

211 2533 327 2623 Facta
343 2549 418 2623 suis
436 2562 589 2626 revocat
605 2575 680 2654 non
699 2551 819 2626 aliena
836 2549 968 2625 modis.

164 2698 331 2774 Delicias
348 2700 377 2774 si
397 2698 509 2775 Musa
526 2725 640 2776 novas
658 2726 742 2778 mea
759 2724 911 2800 carpere
928 2700 1065 2786 nescit,
1098 2722 1102 2726 ·

215 2852 276 2926 Ne
294 2851 424 2927 saltem
442 2865 554 2940 retro,
584 2854 721 2952 quippe
740 2824 912 2938 senescit,
939 2863 1012 2928 eat.

167 3002 321 3100 Integra
338 3009 480 3098 perstet
497 2999 638 3075 adhuc:
666 3025 853 3100 quemque
871 3000 959 3076 olim
977 3003 1159 3079 accendit
1188 2998 1193 3007 '

318 3175 480 3225 amorem
1170 3157 1216 3226 35

220 3300 282 3375 Tu
301 3300 398 3374 senis
415 3324 436 3373 e
452 3299 608 3375 memori
622 3311 753 3376 mente
769 3301 892 3410 perire
907 3310 1027 3376 vetes.

171 3447 244 3522 Ast
263 3474 298 3551 ο,
325 3447 430 3544 siqua
446 3445 538 3559 meis
557 3456 707 3545 captata
724 3447 896 3546 superbia
911 3448 1023 3536 votiS,
1150 3442 1154 3449 ’

125 3652 129 3657 -
224 3601 262 3676 Si
279 3599 365 3688 feci,
393 3597 518 3706 doleat
535 3598 636 3697 quod
654 3623 843 3689 revocare,
867 3622 980 3698 puer3

177 3753 275 3839 Hoc,
295 3752 390 3839 Dea,
412 3750 505 3851 (sint
521 3751 661 3826 leviora
679 3753 752 3826 mei
771 3752 882 3827 mode
900 3749 1074 3851 crimina)
1095 3726 1222 3860 pesco,

225 3902 416 4001 Paulisper
431 3900 555 3976 valeas
572 3901 767 3974 immemor
785 3925 865 3976 esse
883 3898 951 3975 tui.
1021 3876 1022 3881 Ἰ
1177 3900 1224 3971 40
