2648 4868
134 448 189 531 20
439 470 572 539 reuss
599 471 859 542 seorsus&-

373 740 432 780 1)Οὸ
454 741 512 781 m
533 739 643 781 HAGNA
665 738 851 781 PARNTWH

376 868 497 909 vlnus.

140 960 242 1020 Sonitla.

556 1056 760 1094 εξ

140 1231 177 1308 O
195 1256 281 1313 oua
300 1229 464 1306 solicitos
482 1243 604 1307 metus
622 1234 758 1308 amoris

141 1381 288 1483 Sopitos
305 1380 408 1456 facili
426 1381 552 1480 quiete
569 1382 725 1471 mulces,

142 1528 238 1603 Coeli
257 1554 347 1603 cura
363 1528 488 1616 Fides,
515 1542 554 1603 et
574 1529 791 1619 intimarum

141 1683 247 1757 Felix
266 1682 400 1782 copula
417 1684 601 1758 mentium
618 1683 812 1782 (evaganti

143 1981 215 2067 Per
233 2008 345 2080 quam
362 1982 482 2080 turpis
499 1979 647 2060 adulter
664 1977 845 2064 exulavit,

144 2129 228 2204 Nec
246 2130 382 2226 stupris
401 2130 534 2202 domus
551 2128 768 2223 inquinatur
784 2126 893 2219 ullis).
918 2144 922 2152 ’

146 2279 240 2368 Esto
257 2278 376 2354 sacra!
404 2300 475 2350 nec
492 2274 662 2372 inquieta
673 2274 771 2362 bilis,

147 2427 300 2526 Semper
316 2424 439 2511 fellea,
459 2448 605 2523 semper
622 2435 795 2510 aestuosa,

148 2577 256 2650 Purae
273 2575 411 2675 gaudia
426 2573 533 2657 limet
550 2572 720 2657 unitatis!

147 2726 231 2809 Nec
248 2724 377 2824 lingua
393 2734 498 2822 petat
514 2720 700 2799 insolente
713 2720 822 2807 livor,

147 2874 232 2948 Nec
249 2872 326 2944 risu
342 2868 536 2967 petulante
554 2866 784 2952 criminetun

150 3019 256 3107 Quos
273 3018 351 3115 ipse
370 3012 620 3112 Omnipotens
638 3013 797 3099 sacravit
812 3014 935 3112 ignes!

64 3218 68 3227 ·
149 3171 221 3245 Per
238 3180 276 3242 te
294 3165 495 3252 nascimur,
521 3175 561 3239 et
577 3189 722 3259 sumus3
749 3177 916 3265 patemae

151 3317 226 3392 Per
239 3329 277 3390 te
295 3314 438 3393 foedera
454 3325 543 3391 nata
560 3314 744 3407 caritatis3

151 3466 223 3543 Per
240 3475 279 3538 te
297 3463 476 3564 quicquid
492 3463 663 3551 amabile,
691 3474 912 3542 aestuantem

153 3610 346 3709 Quicquid
363 3610 536 3708 decipere
554 3608 685 3689 efficax
702 3610 884 3699 dolorem,

153 3763 292 3839 Uxoris
310 3761 423 3847 sinus,
448 3772 513 3845 aut
530 3761 810 3839 hahet'tenellae

155 3911 273 3987 Ptolis
290 3909 480 4008 eloquium
496 3909 696 4009 aemulique
713 3911 820 3991 risus.

155 4060 192 4136 Ο
209 4060 273 4160 qui
289 4073 478 4160 perpetuo·
488 4070 620 4136 tenore
638 4083 792 4134 currens
