2648 4868
208 460 293 543 260
523 481 655 537 musra
684 479 943 537 reomenses.

204 664 291 743 Jam
308 667 397 739 verd
413 664 568 740 interior
586 665 719 740 domus
736 676 776 740 et
790 662 999 764 penetralia
1012 661 1135 763 porro

207 812 316 888 Stant
333 813 430 887 muri
448 813 625 889 conclusa
641 814 698 888 sui
715 825 756 890 et
773 812 1005 913 compaginis
1023 816 1148 887 osseae

206 960 404 1055 Praesidi03
432 962 494 1038 hic
510 963 624 1039 variae
641 964 830 1063 ambages,
856 987 901 1037 ac
917 960 1055 1037 tortilis
1071 985 1182 1037 error

206 1111 321 1210 Septa
336 1112 435 1188 inter
452 1113 583 1211 spatia,
611 1125 651 1188 et
666 1114 755 1188 nexi
772 1137 840 1212 per
856 1122 990 1186 mutua
1006 1108 1140 1185 calles.

205 1260 371 1335 Primum
389 1260 484 1336 adeo
499 1261 591 1335 levis
610 1273 771 1361 angusto
787 1259 991 1360 spiramine
1006 1269 1160 1349 tractus
1182 1366 1186 1373 Ι
1216 1264 1260 1333 25

203 1408 369 1484 Ducitur
386 1436 407 1484 e
425 1409 585 1494 conchlu
612 1410 714 1484 hunc
729 1419 884 1510 propter
899 1408 1047 1483 viscosa
1067 1430 1258 1487 recessum

203 1554 300 1632 Cera
315 1556 412 1646 linit,
440 1558 620 1659 nimiique
638 1557 817 1634 obtundit
832 1556 1009 1633 acumina
1024 1556 1157 1632 venti:

202 1705 272 1781 Illa
289 1706 414 1796 etiam,
442 1712 482 1780 nl
499 1733 595 1783 vana
610 1706 717 1798 fides,
741 1707 938 1806 virosaque
954 1705 1066 1783 novit

203 1854 374 1930 Vulnera
390 1869 606 1956 serpentum
626 1867 664 1931 et
681 1856 821 1955 rigidos
836 1855 1025 1956 expellere
1042 1882 1208 1933 morsus.

202 2005 286 2081 Nec
304 2017 431 2082 tamen
448 2006 538 2082 huic
554 2006 700 2081 nullum
718 2007 883 2083 deducto
896 2007 1048 2083 tramite
1061 2015 1259 2109 guttur-w

202 2154 430 2254 Conjngium
448 2167 567 2242 tenet,
594 2167 637 2230 nt
654 2148 825 2256 tepidum
844 2180 865 2230 e
882 2154 1132 2256 pulmonibus
1148 2158 1233 2235 imis

202 2304 355 2379 Sursum
374 2304 493 2402 agitat
509 2304 658 2378 flatum:
678 2302 828 2402 quodsi
845 2302 1113 2404 muddfrigore
1126 2332 1257 2407 vesper

201 2452 429 2553 Contigerit,
449 2452 657 2552 plenosque
674 2453 904 2530 obstruxerit
920 2454 1009 2531 iude
1026 2470 1192 2547 meatus,

200 2602 463 2702 Nequicquam
480 2600 652 2677 adversas
670 2627 796 2677 cassus
808 2601 935 2704 fragor
947 2604 1125 2706 increpat
1135 2632 1254 2687 aures.

199 2750 387 2827 Tenditur
397 2751 486 2826 hinc
497 2751 628 2850 typani
638 2763 753 2851 atque
763 2752 856 2828 imas
867 2754 1254 2844 membranalatebras

201 2901 372 3000 Protegit
389 2900 554 2998 objectu,
579 2899 782 2976 vehemens
799 2926 847 2978 ne
865 2892 1118 2982 saeviatintus
1206 2894 1255 2983 36

202 3050 357 3136 Stridor,
385 3059 425 3123 et
440 3048 610 3148 impulsae
629 3048 755 3126 doleat
772 3061 924 3127 textura
940 3053 1147 3143 medullae;
1203 3102 1206 3107 ·

202 3199 375 3288 Quatuor
391 3198 480 3273 huic
497 3222 600 3273 caeco
616 3196 845 3275 famulantur
861 3199 934 3275 rite
949 3201 1076 3279 locata

199 3347 295 3425 Ossa
312 3348 530 3435 ministerio,
557 3349 775 3447 sonitusque
792 3349 956 3427 volubile
973 3350 1128 3452 fingunt

199 3497 370 3584 Flumen,
398 3508 437 3571 et
456 3495 658 3596 obsignant
683 3521 876 3584 numeros;
903 3499 980 3575 sive
997 3500 1089 3577 inde
1106 3505 1252 3605 rigatur

201 3645 421 3723 Harmoniae
436 3645 565 3732 melos,
586 3658 652 3721 aut
669 3645 767 3722 tristi
784 3646 970 3725 discordia
986 3661 1109 3729 tactu.
1203 3666 1248 3733 41

197 3795 301 3885 Quid
312 3817 515 3869 memorem
526 3795 690 3870 cochleae
701 3808 740 3872 et
748 3796 952 3896 labyrinthi
962 3802 1122 3881 condita
1134 3817 1247 3896 tacu.

197 3942 385 4033 Vestibuli
402 3942 523 4018 varios
540 3941 675 4032 aditus,
703 3956 926 4048 ternumque
943 3951 1139 4049 canalem3
1235 3956 1239 3961 ’

198 4093 279 4171 Aut
296 4093 416 4168 socios
433 4115 563 4169 sensus
580 4116 792 4183 nervorum,
819 4096 886 4173 ubi
902 4100 1098 4186 musculus
1117 4130 1216 4181 unus
