2648 4868
459 439 589 500 MUSAE
618 439 875 497 ETONENSRS.

143 615 236 700 ,Pers
255 623 308 698 sic
327 621 527 698 Herculeae
544 647 675 697 manus
692 622 836 698 labores

143 768 455 848 Pensi‘femineos
472 771 604 858 tulere,
633 770 737 858 Divi,

146 916 253 996 Heu!
280 919 364 1010 telis
382 920 533 994 domitae
550 921 781 1018 potentioris

143 1065 250 1155 Quid
266 1067 369 1165 qubd
385 1068 577 1167 perfidiam
595 1068 791 1167 increpant
807 1064 1011 1164 fugamque

144 1212 315 1289 Ploratus
334 1215 581 1314 Glyceraeque
600 1214 829 1316 Lydiaeque?

144 1359 213 1435 Me
229 1361 367 1437 lasciva
382 1363 619 1462 protervitas
645 1376 682 1439 et
700 1363 754 1439 illi

141 1509 268 1586 Urunt
285 1511 468 1588 sideribus
485 1539 592 1614 pares
611 1512 721 1589 ocelli
728 1542 740 1607 ;

143 1659 195 1734 Et
212 1684 302 1757 quas
321 1660 473 1736 delicias
491 1663 627 1737 Neaera
642 1660 767 1761 plures

140 1805 324 1884 Ostendit
341 1810 462 1897 nimis,
491 1810 585 1886 heu!
612 1811 797 1910 nimisque
814 1823 950 1910 gratas.
1063 1903 1068 1916 .

141 1953 198 2030 At
216 1980 407 2061 nunquam
425 1957 707 2057 lacrymansque
725 1963 951 2058 vagiensque

143 2105 209 2182 Ad
227 2106 370 2182 clausas
387 2107 539 2207 vigilem
557 2069 655 2183 fares
671 2108 818 2229 puellae,

144 2255 306 2331 Hiberni
323 2258 468 2356 patiens
485 2259 642 2356 notique
660 2271 699 2333 et
716 2259 855 2334 imbris.

142 2403 225 2480 Etsi
242 2405 384 2504 rejiciet
399 2431 529 2506 preces
541 2405 696 2498 Neaera,

140 2540 285 2629 Dulces
303 2556 414 2637 docta
431 2557 561 2631 modos
580 2557 698 2630 Chloe
715 2567 917 2642 recentem,

142 2670 226 2781 Aut
243 2703 383 2804 Phyllis
401 2729 508 2793 nova,
538 2706 731 2780 suscitabit
748 2705 887 2802 ignem.

126 2848 308 2927 qanffim
327 2858 437 2950 queis¹
449 2867 552 2929 caret
569 2854 661 2943 haec,
690 2855 729 2929 in
747 2855 862 2929 altere
879 2876 984 2927 mens

141 2991 289 3080 Quaerit
305 2993 461 3090 gaudia;
488 3005 526 3067 at
542 2995 665 3094 unasi
684 3006 830 3069 teneret

138 3142 319 3218 Diversos
336 3143 531 3244 utriusque
549 3144 649 3218 mille
668 3144 799 3219 formae

139 3289 319 3379 Ornatus,
348 3257 561 3395 oculosque,
589 3301 628 3365 et
645 3290 835 3388 elegantes
912 3366 913 3372 ,
941 3279 942 3282 “

138 3413 301 3539 linguae
317 3440 516 3515 blanditias
533 3440 786 3538 facetiasquea

138 3586 224 3668 Jam
243 3586 355 3662 cultae
372 3587 530 3663 Veneris
548 3588 640 3662 meis
657 3588 796 3664 niteret

132 3733 333 3832 Suspensis
350 3735 470 3833 paries
487 3735 648 3810 libenter
666 3735 795 3833 armis3
833 3807 835 3810 ,

137 3880 190 3955 Et
208 3907 295 3956 cum
314 3881 473 3982 conjuge
491 3896 623 3959 mutuo
639 3881 807 3958 foverem

137 4029 324 4106 Constans
341 4031 524 4130 legitimas
542 4056 667 4109 amore
685 4029 801 4107 tedas.

187 4179 275 4232 von.
295 4174 336 4232 11.
637 4181 669 4228 n

1131 396 1187 514 '97
