2648 4868
463 473 605 552 *musra
634 480 890 550 eronunsna
1071 559 1072 567 Ν
1100 458 1195 559 <135

214 836 276 874 unc
299 835 359 874 suar
383 832 549 875 cmuanun
573 831 681 872 eurvrs
702 830 829 870 rnunmr
852 824 999 868 nnnoenr
1021 823 1138 869 sanun.

156 944 297 1021 Morpetk.
741 957 744 962 ·
839 928 841 933 ’
983 954 1012 994 Α,
1025 954 1055 994 n.
1071 940 1157 1026 1790.

190 1039 200 1063 *e

567 1115 766 1127 m

153 1304 345 1386 Drvnnsns
363 1307 537 1382 coenandi
554 1319 651 1382 artes
669 1309 897 1406 unctamque
916 1305 1079 1393 culinam

200 1453 375 1529 Carmina
393 1481 476 1555 quae
494 1456 707 1551 celebrent?
732 1455 890 1530 hoccine
907 1455 1003 1528 vatis
1021 1454 1135 1554 opus?

151 1602 254 1689 Quid
264 1602 375 1701 juvat
393 1602 534 1677 Aonias
552 1603 649 1677 votis
668 1601 824 1677 coluisse
843 1611 1010 1677 sorores?

198 1749 286 1823 Non
304 1749 394 1826 facit
412 1750 468 1825 ad.
479 1750 609 1825 doctos
628 1750 822 1850 splendida
840 1777 948 1827 coena
965 1752 1108 1833 modos.

147 1897 246 1972 Nam
264 1924 349 1997 quae
365 1899 574 1973 fumantem
594 1900 771 1996 dignetur
788 1901 882 1973 inire
899 1901 1076 1998 popinam
1168 1912 1192 1978 5

196 2044 332 2119 Libare
350 2045 550 2120 ambrosias
568 2057 674 2118 sueta
691 2045 856 2120 Camena
873 2047 1009 2146 dapes?
1226 2005 1232 2021 ,

145 2194 235 2281 Vos,
261 2193 393 2292 quibus
412 2187 469 2269 est
484 2192 606 2283 lucr0,
631 2173 765 2291 precor
781 2196 940 2295 aspirata
957 2201 1140 2296 precanti,

195 2342 295 2418 Cura
312 2344 461 2444 dapum,
491 2345 562 2443 (sic
580 2368 682 2418 nunc
700 2343 831 2419 floreat
848 2345 977 2439 aucta)
997 2346 1130 2446 Coqui.
1191 2383 1201 2404 v

145 2492 218 2565 Seu
235 2515 301 2566 vos
312 2492 407 2593 juris
425 2517 552 2567 amans
568 2492 736 2593 variique
753 2493 874 2591 perita
891 2495 1030 2591 saporis

192 2617 818 2731 narrarenernutnnarmanum
1140 2651 1188 2718 10

97 2752 101 2758 .
144 2789 216 2864 Seu
228 2790 340 2889 jubet
358 2790 542 2890 Angliacat
557 2800 737 2889 praestans
756 2786 986 2887 pinguedine
1004 2789 1095 2865 civis
1155 2823 1157 2827 ’

189 2938 268 3012 Vos
287 2936 482 3014 Britonum
502 2940 634 3037 dignos
651 2941 783 3014 ventre
799 2961 929 3038 parare
947 2939 1061 3021 cibos.
1132 3021 1133 3024 ,

141 3087 287 3193 Cuique
304 3087 417 3162 modo
434 3087 574 3186 proprii
590 3099 722 3184 gustus
739 3088 954 3187 propriique
972 3089 1139 3179 clientes,
1207 3055 1209 3058 ι
1311 3104 1314 3111 “

188 3233 399 3310 Arbitrium
410 3233 510 3346 'luxu
529 3235 781 3309 constituente
799 3260 878 3309 suo.

140 3379 212 3455 His
230 3381 316 3455 Indi
333 3381 470 3484 piperis
487 3381 584 3456 vires
603 3392 640 3455 et
658 3381 831 3456 aromatis
849 3382 970 3472 ardor,
1134 3395 1181 3461 15

186 3528 399 3629 Tinctaque
416 3528 562 3604 fumoso
580 3553 696 3630 perna
713 3555 842 3628 sapore
858 3530 1002 3630 placet3

137 3682 321 3781 Simplicis
337 3682 394 3757 his
405 3683 501 3782 Juris
516 3692 646 3758 coctus
663 3684 760 3759 bene
778 3683 909 3760 defluit
926 3686 1073 3776 humor,
1160 3705 1163 3710 ’

185 3832 235 3905 Et
253 3831 349 3931 sapit
367 3855 580 3928 expressum
599 3829 743 3905 fervida
758 3829 912 3932 lympha
929 3836 1077 3912 bovem.

135 3974 220 4054 Sive
239 3977 440 4052 albescenti
452 3950 607 4076 'penitus
625 3991 801 4078 cooperta
817 3981 961 4080 liquore

183 4123 345 4200 Gallinae
363 4135 465 4201 secto
483 4150 637 4224 corpore
655 4127 821 4204 membra
837 4105 968 4204 natant
974 4160 986 4223 3
1126 4137 1178 4210 20
