<?xml version="1.0" encoding="UTF-8"?>
<!DOCTYPE html PUBLIC "-//W3C//DTD XHTML 1.0 Transitional//EN"
    "http://www.w3.org/TR/xhtml1/DTD/xhtml1-transitional.dtd">
<html xmlns="http://www.w3.org/1999/xhtml" xml:lang="en" lang="en">
 <head>
  <title>
</title>
<meta http-equiv="Content-Type" content="text/html;charset=utf-8" />
  <meta name='ocr-system' content='tesseract 3.04.00' />
  <meta name='ocr-capabilities' content='ocr_page ocr_carea ocr_par ocr_line ocrx_word'/>
</head>
<body>
  <div class='ocr_page' id='page_1' title='image "./musetonensesseu01unkngoog_0149.png"; bbox 0 0 2648 4868; ppageno 0'>
   <div class='ocr_carea' id='block_1_1' title="bbox 144 462 1048 551">
    <p class='ocr_par' dir='ltr' id='par_1_1' title="bbox 144 462 1048 551">
     <span class='ocr_line' id='line_1_1' title="bbox 144 462 1048 551; baseline 0.011 -8"><span class='ocrx_word' id='word_1_1' title='bbox 144 462 232 543; x_wconf 73' lang='lat'><strong>134</strong></span> <span class='ocrx_word' id='word_1_2' title='bbox 444 493 591 549; x_wconf 17' lang='lat' dir='ltr'><strong>*musra</strong></span> <span class='ocrx_word' id='word_1_3' title='bbox 619 495 877 551; x_wconf 69' lang='lat' dir='ltr'><strong>aronnnsra.</strong></span> <span class='ocrx_word' id='word_1_4' title='bbox 962 508 966 527; x_wconf 77' lang='lat'>=</span> <span class='ocrx_word' id='word_1_5' title='bbox 1042 491 1048 508; x_wconf 89' lang='lat'><em>&#39;</em></span> 
     </span>
    </p>
   </div>
   <div class='ocr_carea' id='block_1_2' title="bbox 39 671 1179 4046">
    <p class='ocr_par' dir='ltr' id='par_1_2' title="bbox 39 671 1179 4046">
     <span class='ocr_line' id='line_1_2' title="bbox 150 671 842 785; baseline 0.01 -40"><span class='ocrx_word' id='word_1_6' title='bbox 150 683 175 715; x_wconf 90' lang='lat'>“</span> <span class='ocrx_word' id='word_1_7' title='bbox 193 671 355 785; x_wconf 76' lang='lat' dir='ltr'><strong>Nolente</strong></span> <span class='ocrx_word' id='word_1_8' title='bbox 368 687 500 751; x_wconf 84' lang='lat' dir='ltr'><strong>ventos</strong></span> <span class='ocrx_word' id='word_1_9' title='bbox 514 676 628 752; x_wconf 87' lang='lat' dir='ltr'>AEolo</span> <span class='ocrx_word' id='word_1_10' title='bbox 645 688 740 753; x_wconf 86' lang='lat' dir='ltr'><strong>nutu</strong></span> <span class='ocrx_word' id='word_1_11' title='bbox 757 704 842 753; x_wconf 88' lang='lat' dir='ltr'><strong>meo</strong></span> 
     </span>
     <span class='ocr_line' id='line_1_3' title="bbox 108 823 972 936; baseline 0.001 -39"><span class='ocrx_word' id='word_1_12' title='bbox 108 925 114 936; x_wconf 21' lang='lat' dir='ltr'>x</span> <span class='ocrx_word' id='word_1_13' title='bbox 149 834 173 866; x_wconf 91' lang='lat'><strong>“</strong></span> <span class='ocrx_word' id='word_1_14' title='bbox 192 823 297 921; x_wconf 88' lang='lat' dir='ltr'><strong>Saepe</strong></span> <span class='ocrx_word' id='word_1_15' title='bbox 316 825 494 911; x_wconf 79' lang='lat' dir='ltr'><strong>excitavi3</strong></span> <span class='ocrx_word' id='word_1_16' title='bbox 521 828 664 925; x_wconf 89' lang='lat' dir='ltr'>spumei</span> <span class='ocrx_word' id='word_1_17' title='bbox 682 839 725 900; x_wconf 88' lang='lat' dir='ltr'><strong>ut</strong></span> <span class='ocrx_word' id='word_1_18' title='bbox 742 826 846 908; x_wconf 86' lang='lat' dir='ltr'><strong>furor</strong></span> <span class='ocrx_word' id='word_1_19' title='bbox 862 826 972 899; x_wconf 89' lang='lat' dir='ltr'><strong>maris</strong></span> 
     </span>
     <span class='ocr_line' id='line_1_4' title="bbox 147 974 1179 1074; baseline -0.001 -26"><span class='ocrx_word' id='word_1_20' title='bbox 147 985 172 1018; x_wconf 88' lang='lat'><strong>“</strong></span> <span class='ocrx_word' id='word_1_21' title='bbox 191 974 338 1048; x_wconf 89' lang='lat' dir='ltr'><strong>Coelum</strong></span> <span class='ocrx_word' id='word_1_22' title='bbox 356 975 414 1048; x_wconf 91' lang='lat' dir='ltr'><strong>vel</strong></span> <span class='ocrx_word' id='word_1_23' title='bbox 431 977 553 1074; x_wconf 91' lang='lat' dir='ltr'><strong>ipsum</strong></span> <span class='ocrx_word' id='word_1_24' title='bbox 571 976 783 1049; x_wconf 86' lang='lat' dir='ltr'><strong>verberaret</strong></span> <span class='ocrx_word' id='word_1_25' title='bbox 800 975 976 1049; x_wconf 84' lang='lat' dir='ltr'><strong>fluctibus</strong></span> <span class='ocrx_word' id='word_1_26' title='bbox 1024 1036 1027 1041; x_wconf 93' lang='lat'>.</span> <span class='ocrx_word' id='word_1_27' title='bbox 1141 982 1179 1061; x_wconf 77' lang='lat'><strong>25</strong></span> 
     </span>
     <span class='ocr_line' id='line_1_5' title="bbox 146 1127 956 1226; baseline -0.002 -23"><span class='ocrx_word' id='word_1_28' title='bbox 146 1139 172 1171; x_wconf 91' lang='lat'><strong>“</strong></span> <span class='ocrx_word' id='word_1_29' title='bbox 189 1127 466 1220; x_wconf 84' lang='lat' dir='ltr'><strong>Tumultuosis3</strong></span> <span class='ocrx_word' id='word_1_30' title='bbox 494 1128 635 1226; x_wconf 85' lang='lat' dir='ltr'>fulguri</span> <span class='ocrx_word' id='word_1_31' title='bbox 653 1128 837 1210; x_wconf 87' lang='lat' dir='ltr'><strong>flammam</strong></span> <span class='ocrx_word' id='word_1_32' title='bbox 858 1127 956 1214; x_wconf 91' lang='lat' dir='ltr'><strong>dedi,</strong></span> 
     </span>
     <span class='ocr_line' id='line_1_6' title="bbox 145 1268 1013 1375; baseline 0.006 -27"><span class='ocrx_word' id='word_1_33' title='bbox 145 1288 168 1319; x_wconf 90' lang='lat'><strong>“</strong></span> <span class='ocrx_word' id='word_1_34' title='bbox 188 1276 425 1375; x_wconf 86' lang='lat' dir='ltr'><strong>Tonitruque</strong></span> <span class='ocrx_word' id='word_1_35' title='bbox 442 1277 556 1368; x_wconf 82' lang='lat' dir='ltr'><strong>vires3</strong></span> <span class='ocrx_word' id='word_1_36' title='bbox 585 1277 672 1350; x_wconf 89' lang='lat' dir='ltr'><strong>inde</strong></span> <span class='ocrx_word' id='word_1_37' title='bbox 691 1276 824 1362; x_wconf 83' lang='lat' dir='ltr'><strong>discidi</strong></span> <span class='ocrx_word' id='word_1_38' title='bbox 839 1268 1013 1353; x_wconf 86' lang='lat' dir='ltr'><strong>arborem</strong></span> 
     </span>
     <span class='ocr_line' id='line_1_7' title="bbox 143 1393 943 1522; baseline 0 -25"><span class='ocrx_word' id='word_1_39' title='bbox 143 1432 170 1466; x_wconf 91' lang='lat'><strong>“</strong></span> <span class='ocrx_word' id='word_1_40' title='bbox 189 1393 332 1498; x_wconf 85' lang='lat' dir='ltr'><strong>Duram</strong></span> <span class='ocrx_word' id='word_1_41' title='bbox 354 1425 546 1508; x_wconf 75' lang='lat' dir='ltr'><strong>Tonantis,</strong></span> <span class='ocrx_word' id='word_1_42' title='bbox 573 1425 687 1522; x_wconf 87' lang='lat' dir='ltr'><strong>ipsius</strong></span> <span class='ocrx_word' id='word_1_43' title='bbox 704 1423 780 1498; x_wconf 86' lang='lat' dir='ltr'><strong>telo</strong></span> <span class='ocrx_word' id='word_1_44' title='bbox 797 1437 943 1522; x_wconf 79' lang='lat' dir='ltr'><strong>patena,</strong></span> 
     </span>
     <span class='ocr_line' id='line_1_8' title="bbox 144 1573 920 1672; baseline 0.003 -27"><span class='ocrx_word' id='word_1_45' title='bbox 144 1584 168 1621; x_wconf 86' lang='lat'>“</span> <span class='ocrx_word' id='word_1_46' title='bbox 186 1573 235 1646; x_wconf 86' lang='lat' dir='ltr'><strong>Et</strong></span> <span class='ocrx_word' id='word_1_47' title='bbox 251 1575 496 1672; x_wconf 83' lang='lat' dir='ltr'><strong>prominentis</strong></span> <span class='ocrx_word' id='word_1_48' title='bbox 514 1575 601 1648; x_wconf 90' lang='lat' dir='ltr'><strong>inde</strong></span> <span class='ocrx_word' id='word_1_49' title='bbox 618 1573 823 1649; x_wconf 87' lang='lat' dir='ltr'><strong>fundamen</strong></span> <span class='ocrx_word' id='word_1_50' title='bbox 834 1573 920 1672; x_wconf 83' lang='lat' dir='ltr'><strong>jugi</strong></span> 
     </span>
     <span class='ocr_line' id='line_1_9' title="bbox 62 1721 1177 1820; baseline 0.001 -26"><span class='ocrx_word' id='word_1_51' title='bbox 62 1756 65 1766; x_wconf 25' lang='grc' dir='ltr'><strong><em>Δ</em></strong></span> <span class='ocrx_word' id='word_1_52' title='bbox 144 1731 166 1763; x_wconf 86' lang='grc'><strong>“</strong></span> <span class='ocrx_word' id='word_1_53' title='bbox 186 1722 391 1798; x_wconf 88' lang='lat' dir='ltr'><strong>Intremere</strong></span> <span class='ocrx_word' id='word_1_54' title='bbox 403 1721 516 1820; x_wconf 81' lang='lat' dir='ltr'><strong>jussi3</strong></span> <span class='ocrx_word' id='word_1_55' title='bbox 543 1723 653 1819; x_wconf 88' lang='lat' dir='ltr'><strong>pinus</strong></span> <span class='ocrx_word' id='word_1_56' title='bbox 670 1722 757 1795; x_wconf 89' lang='lat' dir='ltr'><strong>inde</strong></span> <span class='ocrx_word' id='word_1_57' title='bbox 776 1722 943 1820; x_wconf 82' lang='lat' dir='ltr'>stirpitus</span> <span class='ocrx_word' id='word_1_58' title='bbox 1135 1728 1177 1795; x_wconf 86' lang='lat'><strong>30</strong></span> 
     </span>
     <span class='ocr_line' id='line_1_10' title="bbox 144 1871 947 1968; baseline 0 -24"><span class='ocrx_word' id='word_1_59' title='bbox 144 1881 168 1913; x_wconf 91' lang='lat'><strong>“</strong></span> <span class='ocrx_word' id='word_1_60' title='bbox 186 1871 236 1944; x_wconf 81' lang='lat' dir='ltr'><strong>Et</strong></span> <span class='ocrx_word' id='word_1_61' title='bbox 253 1873 355 1946; x_wconf 89' lang='lat' dir='ltr'><strong>volsa</strong></span> <span class='ocrx_word' id='word_1_62' title='bbox 373 1871 505 1946; x_wconf 82' lang='lat' dir='ltr'>cedrus</span> <span class='ocrx_word' id='word_1_63' title='bbox 523 1871 701 1968; x_wconf 84' lang='lat' dir='ltr'>procidit:</span> <span class='ocrx_word' id='word_1_64' title='bbox 730 1883 843 1960; x_wconf 88' lang='lat' dir='ltr'><strong>cantu</strong></span> <span class='ocrx_word' id='word_1_65' title='bbox 861 1893 947 1961; x_wconf 82' lang='lat' dir='ltr'><strong>meo</strong></span> 
     </span>
     <span class='ocr_line' id='line_1_11' title="bbox 80 2017 898 2108; baseline -0.001 -16"><span class='ocrx_word' id='word_1_66' title='bbox 80 2039 82 2042; x_wconf 85' lang='grc'><strong><em>·</em></strong></span> <span class='ocrx_word' id='word_1_67' title='bbox 142 2031 164 2063; x_wconf 84' lang='grc'><strong>“</strong></span> <span class='ocrx_word' id='word_1_68' title='bbox 185 2021 342 2094; x_wconf 82' lang='lat' dir='ltr'><strong>Patuere</strong></span> <span class='ocrx_word' id='word_1_69' title='bbox 360 2022 481 2107; x_wconf 80' lang='lat' dir='ltr'><strong>busta,</strong></span> <span class='ocrx_word' id='word_1_70' title='bbox 509 2031 547 2108; x_wconf 82' lang='lat' dir='ltr'><strong>et</strong></span> <span class='ocrx_word' id='word_1_71' title='bbox 565 2020 710 2092; x_wconf 85' lang='lat' dir='ltr'><strong>evocati</strong></span> <span class='ocrx_word' id='word_1_72' title='bbox 726 2017 898 2107; x_wconf 86' lang='lat' dir='ltr'><strong>faucibus</strong></span> 
     </span>
     <span class='ocr_line' id='line_1_12' title="bbox 131 2165 934 2265; baseline -0.001 -25"><span class='ocrx_word' id='word_1_73' title='bbox 131 2179 164 2211; x_wconf 65' lang='lat'><strong>‘⁴‘</strong></span> <span class='ocrx_word' id='word_1_74' title='bbox 184 2168 336 2265; x_wconf 90' lang='lat' dir='ltr'><strong>Rupere</strong></span> <span class='ocrx_word' id='word_1_75' title='bbox 355 2168 494 2253; x_wconf 83' lang='lat' dir='ltr'><strong>mortis,</strong></span> <span class='ocrx_word' id='word_1_76' title='bbox 522 2191 582 2238; x_wconf 90' lang='lat' dir='ltr'><strong>me</strong></span> <span class='ocrx_word' id='word_1_77' title='bbox 599 2165 761 2252; x_wconf 86' lang='lat' dir='ltr'><strong>volente,</strong></span> <span class='ocrx_word' id='word_1_78' title='bbox 783 2165 934 2239; x_wconf 86' lang='lat' dir='ltr'><strong>vincula</strong></span> 
     </span>
     <span class='ocr_line' id='line_1_13' title="bbox 86 2272 934 2415; baseline -0.001 -26"><span class='ocrx_word' id='word_1_79' title='bbox 86 2272 90 2283; x_wconf 33' lang='lat'>¹</span> <span class='ocrx_word' id='word_1_80' title='bbox 139 2326 164 2373; x_wconf 57' lang='grc' dir='ltr'><strong><em>ὕ</em></strong></span> <span class='ocrx_word' id='word_1_81' title='bbox 183 2316 322 2415; x_wconf 88' lang='lat' dir='ltr'><strong>Sopora</strong></span> <span class='ocrx_word' id='word_1_82' title='bbox 340 2314 492 2388; x_wconf 90' lang='lat' dir='ltr'><strong>Manes:</strong></span> <span class='ocrx_word' id='word_1_83' title='bbox 521 2315 608 2387; x_wconf 85' lang='lat' dir='ltr'><strong>artis</strong></span> <span class='ocrx_word' id='word_1_84' title='bbox 629 2315 690 2387; x_wconf 90' lang='lat' dir='ltr'><strong>hic</strong></span> <span class='ocrx_word' id='word_1_85' title='bbox 708 2314 810 2388; x_wconf 93' lang='lat' dir='ltr'><strong>lusus</strong></span> <span class='ocrx_word' id='word_1_86' title='bbox 829 2340 934 2391; x_wconf 89' lang='lat' dir='ltr'><strong>meae.</strong></span> 
     </span>
     <span class='ocr_line' id='line_1_14' title="bbox 139 2462 1176 2561; baseline 0 -23"><span class='ocrx_word' id='word_1_87' title='bbox 139 2475 163 2508; x_wconf 89' lang='lat'><strong>“</strong></span> <span class='ocrx_word' id='word_1_88' title='bbox 182 2463 237 2538; x_wconf 87' lang='lat' dir='ltr'><strong>At</strong></span> <span class='ocrx_word' id='word_1_89' title='bbox 255 2476 293 2555; x_wconf 76' lang='lat' dir='ltr'><strong>at</strong></span> <span class='ocrx_word' id='word_1_90' title='bbox 310 2462 430 2537; x_wconf 89' lang='lat' dir='ltr'><strong>valete</strong></span> <span class='ocrx_word' id='word_1_91' title='bbox 449 2464 612 2536; x_wconf 88' lang='lat' dir='ltr'><strong>carmina</strong></span> <span class='ocrx_word' id='word_1_92' title='bbox 629 2474 666 2535; x_wconf 85' lang='lat' dir='ltr'><strong>et</strong></span> <span class='ocrx_word' id='word_1_93' title='bbox 684 2465 820 2561; x_wconf 84' lang='lat' dir='ltr'><strong>magici</strong></span> <span class='ocrx_word' id='word_1_94' title='bbox 838 2463 925 2552; x_wconf 92' lang='lat' dir='ltr'><strong>doli,</strong></span> <span class='ocrx_word' id='word_1_95' title='bbox 1132 2472 1176 2547; x_wconf 73' lang='lat'><strong>85</strong></span> 
     </span>
     <span class='ocr_line' id='line_1_15' title="bbox 138 2610 1082 2711; baseline 0.001 -24"><span class='ocrx_word' id='word_1_96' title='bbox 138 2623 162 2657; x_wconf 91' lang='grc'><strong>“</strong></span> <span class='ocrx_word' id='word_1_97' title='bbox 180 2614 230 2687; x_wconf 90' lang='lat' dir='ltr'><strong>Et</strong></span> <span class='ocrx_word' id='word_1_98' title='bbox 248 2610 424 2711; x_wconf 87' lang='lat' dir='ltr'><strong>quicquid</strong></span> <span class='ocrx_word' id='word_1_99' title='bbox 443 2610 531 2685; x_wconf 91' lang='lat' dir='ltr'><strong>olim</strong></span> <span class='ocrx_word' id='word_1_100' title='bbox 549 2610 704 2685; x_wconf 86' lang='lat' dir='ltr'><strong>dextera</strong></span> <span class='ocrx_word' id='word_1_101' title='bbox 720 2610 801 2685; x_wconf 86' lang='lat' dir='ltr'><strong>haec</strong></span> <span class='ocrx_word' id='word_1_102' title='bbox 817 2636 942 2686; x_wconf 89' lang='lat' dir='ltr'><strong>rerum</strong></span> <span class='ocrx_word' id='word_1_103' title='bbox 960 2613 1082 2688; x_wconf 87' lang='lat' dir='ltr'><strong>sciens</strong></span> 
     </span>
     <span class='ocr_line' id='line_1_16' title="bbox 136 2759 898 2860; baseline -0.003 -23"><span class='ocrx_word' id='word_1_104' title='bbox 136 2772 159 2807; x_wconf 90' lang='lat'>“</span> <span class='ocrx_word' id='word_1_105' title='bbox 174 2764 323 2837; x_wconf 91' lang='lat' dir='ltr'><strong>Novare</strong></span> <span class='ocrx_word' id='word_1_106' title='bbox 335 2761 422 2860; x_wconf 86' lang='lat' dir='ltr'><strong>jura</strong></span> <span class='ocrx_word' id='word_1_107' title='bbox 437 2761 575 2859; x_wconf 72' lang='lat' dir='ltr'><strong>potuit²</strong></span> <span class='ocrx_word' id='word_1_108' title='bbox 602 2761 783 2848; x_wconf 74' lang='lat' dir='ltr'><strong>aeternum</strong></span> <span class='ocrx_word' id='word_1_109' title='bbox 801 2759 898 2835; x_wconf 87' lang='lat' dir='ltr'><strong>vale!</strong></span> 
     </span>
     <span class='ocr_line' id='line_1_17' title="bbox 137 2906 936 3008; baseline -0.006 -24"><span class='ocrx_word' id='word_1_110' title='bbox 137 2922 161 2954; x_wconf 89' lang='lat'><strong>“</strong></span> <span class='ocrx_word' id='word_1_111' title='bbox 179 2912 280 3008; x_wconf 84' lang='lat' dir='ltr'><strong>Ergo</strong></span> <span class='ocrx_word' id='word_1_112' title='bbox 297 2920 489 3007; x_wconf 82' lang='lat' dir='ltr'><strong>potentem</strong></span> <span class='ocrx_word' id='word_1_113' title='bbox 507 2906 689 3003; x_wconf 85' lang='lat' dir='ltr'><strong>virgulam</strong></span> <span class='ocrx_word' id='word_1_114' title='bbox 708 2907 936 2995; x_wconf 85' lang='lat' dir='ltr'><strong>abditissimo</strong></span> 
     </span>
     <span class='ocr_line' id='line_1_18' title="bbox 137 3053 863 3154; baseline -0.001 -24"><span class='ocrx_word' id='word_1_115' title='bbox 137 3069 159 3136; x_wconf 58' lang='grc' dir='ltr'><strong><em>ὕ</em></strong></span> <span class='ocrx_word' id='word_1_116' title='bbox 179 3055 340 3130; x_wconf 86' lang='lat' dir='ltr'><strong>Telluris</strong></span> <span class='ocrx_word' id='word_1_117' title='bbox 356 3056 434 3154; x_wconf 90' lang='lat' dir='ltr'><strong>ipse</strong></span> <span class='ocrx_word' id='word_1_118' title='bbox 453 3054 552 3128; x_wconf 88' lang='lat' dir='ltr'><strong>solus</strong></span> <span class='ocrx_word' id='word_1_119' title='bbox 568 3053 746 3127; x_wconf 84' lang='lat' dir='ltr'><strong>infodiam</strong></span> <span class='ocrx_word' id='word_1_120' title='bbox 765 3055 863 3146; x_wconf 78' lang='lat' dir='ltr'><strong>sinu,</strong></span> 
     </span>
     <span class='ocr_line' id='line_1_19' title="bbox 138 3163 1174 3315; baseline 0.004 -35"><span class='ocrx_word' id='word_1_121' title='bbox 138 3217 162 3250; x_wconf 90' lang='lat'>“</span> <span class='ocrx_word' id='word_1_122' title='bbox 179 3206 229 3280; x_wconf 89' lang='lat' dir='ltr'><strong>Et</strong></span> <span class='ocrx_word' id='word_1_123' title='bbox 247 3163 367 3315; x_wconf 43' lang='lat' dir='ltr'><strong>altius}</strong></span> <span class='ocrx_word' id='word_1_124' title='bbox 394 3202 515 3277; x_wconf 87' lang='lat' dir='ltr'><strong>redire</strong></span> <span class='ocrx_word' id='word_1_125' title='bbox 533 3199 644 3301; x_wconf 72' lang='lat' dir='ltr'><strong>qudrn</strong></span> <span class='ocrx_word' id='word_1_126' title='bbox 660 3202 814 3300; x_wconf 86' lang='lat' dir='ltr'><strong>plumbo</strong></span> <span class='ocrx_word' id='word_1_127' title='bbox 831 3203 931 3293; x_wconf 88' lang='lat' dir='ltr'><strong>licet,</strong></span> <span class='ocrx_word' id='word_1_128' title='bbox 1058 3282 1064 3297; x_wconf 76' lang='grc'>,</span> <span class='ocrx_word' id='word_1_129' title='bbox 1128 3217 1174 3284; x_wconf 75' lang='lat'><strong>40</strong></span> 
     </span>
     <span class='ocr_line' id='line_1_20' title="bbox 133 3350 894 3454; baseline 0.001 -27"><span class='ocrx_word' id='word_1_130' title='bbox 133 3364 159 3398; x_wconf 90' lang='lat'><strong>“</strong></span> <span class='ocrx_word' id='word_1_131' title='bbox 178 3353 349 3451; x_wconf 85' lang='lat' dir='ltr'><strong>Mergam¹</strong></span> <span class='ocrx_word' id='word_1_132' title='bbox 366 3351 521 3426; x_wconf 87' lang='lat' dir='ltr'><strong>libellos.</strong></span> <span class='ocrx_word' id='word_1_133' title='bbox 573 3350 665 3424; x_wconf 74' lang='lat' dir='ltr'><strong>neri</strong></span> <span class='ocrx_word' id='word_1_134' title='bbox 678 3377 743 3426; x_wconf 93' lang='lat' dir='ltr'><strong>vos</strong></span> <span class='ocrx_word' id='word_1_135' title='bbox 760 3352 894 3454; x_wconf 88' lang='lat' dir='ltr'><strong>liberas</strong></span> 
     </span>
     <span class='ocr_line' id='line_1_21' title="bbox 135 3500 855 3593; baseline -0.004 -18"><span class='ocrx_word' id='word_1_136' title='bbox 135 3514 158 3545; x_wconf 89' lang='lat'><strong>“</strong></span> <span class='ocrx_word' id='word_1_137' title='bbox 177 3501 290 3576; x_wconf 82' lang='lat' dir='ltr'><strong>Alata</strong></span> <span class='ocrx_word' id='word_1_138' title='bbox 306 3501 459 3593; x_wconf 88' lang='lat' dir='ltr'><strong>reddam</strong></span> <span class='ocrx_word' id='word_1_139' title='bbox 476 3501 597 3591; x_wconf 82' lang='lat' dir='ltr'><strong>turba,</strong></span> <span class='ocrx_word' id='word_1_140' title='bbox 626 3500 751 3574; x_wconf 82' lang='lat' dir='ltr'><strong>nativo</strong></span> <span class='ocrx_word' id='word_1_141' title='bbox 768 3502 855 3573; x_wconf 73' lang='lat' dir='ltr'><strong>aeri.</strong></span> 
     </span>
     <span class='ocr_line' id='line_1_22' title="bbox 136 3649 894 3739; baseline 0.001 -17"><span class='ocrx_word' id='word_1_142' title='bbox 136 3663 159 3694; x_wconf 89' lang='lat'><strong>“</strong></span> <span class='ocrx_word' id='word_1_143' title='bbox 179 3651 280 3739; x_wconf 85' lang='lat' dir='ltr'><strong>Quin</strong></span> <span class='ocrx_word' id='word_1_144' title='bbox 292 3651 358 3738; x_wconf 80' lang='lat' dir='ltr'><strong>ite,</strong></span> <span class='ocrx_word' id='word_1_145' title='bbox 385 3676 449 3724; x_wconf 90' lang='lat' dir='ltr'><strong>seu</strong></span> <span class='ocrx_word' id='word_1_146' title='bbox 466 3675 532 3723; x_wconf 88' lang='lat' dir='ltr'><strong>vos</strong></span> <span class='ocrx_word' id='word_1_147' title='bbox 549 3649 726 3723; x_wconf 88' lang='lat' dir='ltr'><strong>incubare</strong></span> <span class='ocrx_word' id='word_1_148' title='bbox 743 3649 894 3723; x_wconf 86' lang='lat' dir='ltr'><strong>floribus</strong></span> 
     </span>
     <span class='ocr_line' id='line_1_23' title="bbox 134 3796 815 3905; baseline -0.003 -34"><span class='ocrx_word' id='word_1_149' title='bbox 134 3811 158 3846; x_wconf 88' lang='lat'><strong>“</strong></span> <span class='ocrx_word' id='word_1_150' title='bbox 176 3799 302 3904; x_wconf 78' lang='lat' dir='ltr'><strong>Juvet‚</strong></span> <span class='ocrx_word' id='word_1_151' title='bbox 319 3797 380 3905; x_wconf 83' lang='lat' dir='ltr'><strong>vel</strong></span> <span class='ocrx_word' id='word_1_152' title='bbox 397 3796 463 3890; x_wconf 81' lang='lat' dir='ltr'><strong>alis</strong></span> <span class='ocrx_word' id='word_1_153' title='bbox 479 3796 638 3870; x_wconf 88' lang='lat' dir='ltr'><strong>insidere</strong></span> <span class='ocrx_word' id='word_1_154' title='bbox 655 3806 815 3882; x_wconf 86' lang='lat' dir='ltr'><strong>noctuae,</strong></span> 
     </span>
     <span class='ocr_line' id='line_1_24' title="bbox 39 3940 1169 4046; baseline 0.008 -31"><span class='ocrx_word' id='word_1_155' title='bbox 39 4009 43 4015; x_wconf 83' lang='lat'>.</span> <span class='ocrx_word' id='word_1_156' title='bbox 136 3957 160 3990; x_wconf 89' lang='lat'>“</span> <span class='ocrx_word' id='word_1_157' title='bbox 178 3944 301 4046; x_wconf 88' lang='lat' dir='ltr'><strong>(Nihil</strong></span> <span class='ocrx_word' id='word_1_158' title='bbox 317 3942 506 4035; x_wconf 89' lang='lat' dir='ltr'><strong>morabor)</strong></span> <span class='ocrx_word' id='word_1_159' title='bbox 523 3941 658 4028; x_wconf 78' lang='lat' dir='ltr'><strong>ludite,</strong></span> <span class='ocrx_word' id='word_1_160' title='bbox 680 3953 724 4039; x_wconf 79' lang='lat' dir='ltr'><strong>ut</strong></span> <span class='ocrx_word' id='word_1_161' title='bbox 740 3940 856 4029; x_wconf 87' lang='lat' dir='ltr'><strong>lubet,</strong></span> <span class='ocrx_word' id='word_1_162' title='bbox 882 3969 1001 4045; x_wconf 78' lang='lat' dir='ltr'><strong>vagae,</strong></span> <span class='ocrx_word' id='word_1_163' title='bbox 1121 3958 1169 4024; x_wconf 72' lang='lat'><strong>46</strong></span> 
     </span>
    </p>
   </div>
   <div class='ocr_carea' id='block_1_3' title="bbox 11 4091 967 4207">
    <p class='ocr_par' dir='ltr' id='par_1_3' title="bbox 11 4091 1086 4207">
     <span class='ocr_line' id='line_1_25' title="bbox 11 4091 967 4207; baseline 0.047 -69"><span class='ocrx_word' id='word_1_164' title='bbox 11 4133 15 4139; x_wconf 85' lang='lat'><em>.</em></span> <span class='ocrx_word' id='word_1_165' title='bbox 134 4104 160 4143; x_wconf 72' lang='lat' dir='ltr'><strong>cr</strong></span> <span class='ocrx_word' id='word_1_166' title='bbox 177 4097 314 4173; x_wconf 54' lang='lat' dir='ltr'><strong>Nostra</strong></span> <span class='ocrx_word' id='word_1_167' title='bbox 330 4120 400 4189; x_wconf 64' lang='lat' dir='ltr'><strong>neq</strong></span> <span class='ocrx_word' id='word_1_168' title='bbox 417 4094 485 4197; x_wconf 64' lang='lat' dir='ltr'><strong>irai²</strong></span> <span class='ocrx_word' id='word_1_169' title='bbox 510 4118 580 4168; x_wconf 77' lang='lat' dir='ltr'><strong>nec</strong></span> <span class='ocrx_word' id='word_1_170' title='bbox 597 4091 798 4207; x_wconf 64' lang='lat' dir='ltr'><strong>fatigassdae</strong></span> <span class='ocrx_word' id='word_1_171' title='bbox 814 4094 967 4193; x_wconf 52' lang='lat' dir='ltr'><strong>Wlfflin,</strong></span> 
     </span>
    </p>
   </div>
   <div class='ocr_carea' id='block_1_4' title="bbox 0 0 1328 4868">
    <p class='ocr_par' dir='ltr' id='par_1_4' title="bbox 0 0 1328 4868">
     <span class='ocr_line' id='line_1_26' title="bbox 0 0 1328 4868; baseline 0 4"><span class='ocrx_word' id='word_1_172' title='bbox 0 0 1328 4868; x_wconf 95' lang='lat' dir='ltr'><strong> </strong></span> 
     </span>
    </p>
   </div>
  </div>
 </body>
</html>
