2648 4868
133 454 220 535 262
442 478 574 534 rrnsnr
603 470 871 535 nrorrnrrense

134 666 353 755 Immoritur
368 664 546 753 numeris,
575 676 613 739 et
629 663 812 762 languens
829 673 980 736 assonet
998 662 1111 737 echo.

134 817 271 914 Tuque
288 816 401 891 etiam
419 827 562 917 septem
577 815 722 889 varians
740 813 956 889 discrimine
970 830 1124 898 vocum
1141 818 1185 900 76

133 963 401 1051 Blandimenta
416 965 498 1038 soni
514 963 693 1050 insinuas,
720 984 958 1061 quaecunque
972 944 1162 1037 relaxans

135 1109 269 1186 Mollia
286 1110 449 1186 claustra
464 1113 591 1200 enimi,
616 1110 789 1211 vivisque·
800 1134 869 1209 per
884 1109 1026 1185 intima
1040 1108 1175 1185 nervis·-

134 1261 359 1339 Consortem
375 1264 567 1338 incutiunt
584 1286 753 1352 sensum
781 1259 844 1334 dia
859 1259 963 1333 unde
980 1259 1170 1361 voluptas,

135 1407 187 1494 Et
203 1408 328 1487 fontes
343 1411 606 1512 lacrymarum,
634 1421 673 1485 et
688 1408 780 1485 belli
796 1408 975 1508 praescius
993 1409 1123 1484 ardon.

185 1558 251 1633 Ah
268 1559 408 1647 miseri!
435 1561 570 1660 quibus
587 1559 636 1634 ed
651 1558 783 1658 primae
800 1554 991 1632 cunabulo
1004 1557 1103 1633 vitre
1143 1564 1188 1643 75

136 1706 279 1783 Deficit
295 1707 457 1796 auditus,
484 1707 724 1807 fraternoque
741 1708 877 1789 obrute
893 1705 1040 1783 damno

137 1858 226 1933 Vox
244 1858 328 1934 silet
345 1860 545 1934 aeternirm!
572 1884 663 1959 ergo
679 1858 752 1935 illis
768 1884 892 1958 neque
907 1871 1022 1958 grate
1037 1858 1181 1959 puello·

137 2005 329 2106 Alioquin,
356 2019 422 2082 aut
439 2009 531 2083 tacti
548 2009 716 2108 ingeniti
733 2007 935 2085 dulcedine
951 2009 1070 2083 nervi·
1163 2016 1181 2066 ³³

138 2154 372 2248 Profuerint3
399 2156 578 2256 duraeque
595 2155 778 2233 insulrenr
794 2155 924 2254 lingua
940 2167 1102 2240 oetenae
1125 2162 1184 2244 --79

138 2301 296 2376 Foedum
315 2303 457 2402 aliquid
474 2319 634 2396 mussat3
662 2304 765 2378 nulla
781 2305 839 2379 his
856 2307 1088 2380 commercia
1105 2306 1175 2380 laeti

138 2450 338 2539 Sermonis
365 2453 480 2529 nullae
497 2452 701 2528 illecebrae:
729 2466 830 2529 stant
847 2456 1045 2530 marmoris
1061 2457 1173 2530 instar

139 2599 206 2675 Ad
221 2600 369 2677 vultum
387 2603 563 2703 expressi,
591 2602 766 2700 socioque
782 2601 910 2702 lepore
927 2603 1139 2679 cachinnus

138 2748 399 2850 Nequicquam
419 2765 539 2840 sonat,
566 2764 605 2827 et
622 2777 823 2850 puerorum
841 2753 953 2828 balba
967 2753 1132 2854 loquela.

141 2894 215 2970 His
232 2907 358 2971 tamen
376 2900 487 2974 auriti
504 2900 679 2975 inseritur
693 2901 749 2977 vis
765 2901 885 3001 major
900 2903 1026 2992 ocelli,
1143 2910 1183 2978 84

142 3043 406 3146 Aspectusque
422 3047 578 3147 inquam
604 3050 738 3125 stridat
753 3052 866 3128 modo
881 3052 1024 3129 lamina
1040 3078 1150 3131 serrae

142 3192 264 3282 Exile,
291 3207 404 3295 atque
421 3196 511 3277 illuc
529 3224 594 3274 sua
611 3201 746 3275 surdus
762 3202 918 3278 verterit
933 3228 1000 3277 ora

142 3343 256 3419 Unde
272 3370 382 3419 sonor
399 3347 564 3446 crepuiu
591 3373 714 3448 neque
731 3374 808 3424 non
824 3351 1017 3426 ardentior
1033 3354 1091 3428 ira

143 3492 374 3593 Multiloquo
391 3507 487 3570 nutu
503 3509 620 3596 patet,
633 3510 714 3574 *aut
731 3499 873 3575 dictata
888 3498 1076 3577 voluntas.

144 3651 250 3751 Saepe
267 3651 393 3740 etiam,
420 3653 548 3752 digitis
565 3653 674 3730 affixo
690 3656 854 3744 nomine,
881 3655 937 3730 fas
954 3671 1013 3734 est
1143 3668 1184 3744 89

145 3799 245 3876 Solvi
263 3801 428 3875 animum
444 3802 485 3876 in
501 3828 629 3896 voces3
660 3804 726 3878 sed
743 3805 843 3880 enim
859 3806 1050 3884 vibrantia
1064 3809 1165 3888 labro

144 3946 357 4026 Observant
374 3947 449 4036 alii,
476 3961 516 4024 et
532 3950 721 4049 quondam
736 3955 921 4030 narrantis
937 3957 979 4030 in
995 3983 1067 4037 ore

146 4097 302 4176 Ponitur
318 4101 502 4201 interpres
518 4125 661 4190 manus,
679 4116 719 4180 et
735 4114 880 4195 secreta
894 4103 1035 4202 figurat
1083 4168 1086 4173 .
