2648 4868
132 427 189 525 78
444 451 577 508 nusrn
603 447 863 510 nronnnsns.
954 522 957 528 ¹

504 771 523 809 ⁴
535 768 637 841 Ὀλίγον
647 793 674 827 τι
682 770 753 839 Φίλαν
764 794 799 827 π.

136 881 284 957 Welletley.

135 1218 284 1307 Qunnrs
300 1215 498 1315 frugiferas
513 1216 667 1289 flumine
684 1215 843 1314 prodigo

135 1367 206 1442 Per
223 1366 336 1441 valles
353 1365 519 1440 tumidus
536 1365 697 1441 volvitur
713 1367 867 1442 uberem

135 1515 357 1590 Fecundans
375 1527 539 1612 segetem
558 1512 678 1599 Nilus,
707 1524 744 1585 et
762 1516 872 1585 aurel

285 1661 445 1760 Campos
464 1659 602 1733 diluvie
620 1660 761 1758 rigans:

137 1807 199 1885 sic
216 1822 364 1907 gratum
378 1808 579 1882 vehemens
597 1805 806 1880 Maeonides
823 1807 927 1904 gravi

136 1956 350 2057 Prorumpit
365 1980 541 2048 numer03
569 1980 634 2029 seu
650 1954 926 2054 lacrymabilem

138 2105 276 2180 Pelidae
293 2107 445 2192 rabiem,
474 2130 539 2178 seu
555 2104 711 2177 viduum
729 2114 838 2176 canat

285 2249 378 2324 Acri
395 2250 574 2348 progenie
592 2273 736 2323 senem:

138 2399 212 2473 Seu
230 2397 349 2472 clarus
366 2396 478 2470 rutilo
495 2394 650 2470 fulmine
667 2396 828 2495 Jupiter,
862 2424 864 2429 ·

138 2545 384 2644 Neptunusve
401 2542 529 2620 furens
547 2544 695 2632 dicitur,
722 2544 891 2619 intimam
1128 2555 1175 2623 10

139 2689 329 2766 Tellurem
347 2693 531 2790 quatient,
557 2705 595 2766 et
606 2693 700 2791 juga
717 2694 912 2782 montium,
939 2706 978 2771 et

287 2838 456 2914 Plutonis
473 2864 628 2913 vacuam
646 2839 810 2915 domum.

140 2986 227 3060 Non
243 2985 324 3058 haec
340 2984 444 3058 lenta
459 2984 533 3059 levi
554 2991 781 3066 conveniunt
797 2990 907 3089 lyrae3

142 3133 237 3220 Quae
254 3131 403 3207 mollem
422 3133 573 3208 choreas
589 3137 728 3213 rectius
745 3139 793 3213 ad
809 3139 959 3239 pedem,

142 3280 432 3378 Permistamque
450 3293 553 3357 metu
571 3309 673 3383 spem
691 3286 817 3375 dubio,
842 3299 881 3362 et
897 3287 1028 3362 breves
1130 3293 1175 3363 15

288 3429 405 3504 Rixas
422 3431 523 3506 dicat
539 3433 753 3507 amantium.

140 3575 202 3649 Sic
220 3575 307 3650 olim
324 3588 457 3653 tenues
473 3579 580 3654 laetus
598 3579 798 3654 Anacreon

143 3720 249 3797 Lusit
265 3724 476 3813 versiculos,
504 3737 543 3800 et
560 3726 711 3801 citharae
728 3727 847 3802 modis

141 3870 297 3947 Lesboae
313 3873 498 3970 ingemuit
514 3874 639 3947 saucia
654 3873 769 3948 flebili

289 4017 436 4118 Sappho
454 4021 567 4096 corda
584 4019 771 4119 cupidine.
813 4000 819 4025 ”
