2648 4868
109 429 191 510 140
380 509 384 516 ,
437 452 567 511 nusm
586 421 851 554 :aronensem

108 643 280 722 Proderit
297 654 335 719 et
351 644 483 719 mediis
500 644 533 718 si
548 643 693 720 stellam
711 645 750 755 in
767 588 891 719 fronte
909 639 1051 742 capillis

108 794 297 882 Induitur,
322 792 508 892 badioque
525 792 616 869 alios
633 792 903 893 pulcherrimus
921 804 1024 866 artus

109 943 234 1030 Crine,
255 941 359 1041 jubae
377 941 526 1040 nigrum
544 939 681 1017 referat
698 938 902 1038 caudaeque
920 937 1097 1014 colorem.

109 1090 250 1167 Plaude
268 1089 392 1176 etiam,
420 1089 450 1163 si
463 1090 550 1164 vivo
567 1089 700 1164 ardens
718 1085 895 1163 scintillet
912 1084 1053 1177 ocellus
1103 1091 1146 1159 25

110 1240 204 1338 Igne
223 1237 337 1324 velut,
364 1236 524 1336 lataeque
542 1238 591 1311 ad
607 1236 847 1336 respiramina
863 1260 970 1309 nares

112 1387 275 1462 Hinnitu
292 1385 461 1484 graviore
479 1397 625 1461 sonent.
678 1384 793 1459 Haud
812 1383 963 1458 ultimus
981 1382 1054 1457 ille.

110 1534 234 1610 Audit
251 1559 370 1633 equus
376 1564 387 1626 ;
416 1534 477 1609 cui
496 1533 651 1610 cervicis
669 1532 886 1608 densissima
902 1531 1010 1607 radix

112 1682 295 1758 Paulatim
313 1683 434 1756 minor
452 1682 615 1770 excedit,
645 1685 792 1783 quaque
810 1682 926 1755 ardua
941 1705 1089 1755 summo

111 1831 233 1906 Addit
252 1857 290 1906 se
309 1830 434 1930 capiti,
462 1831 598 1905 sensim
616 1843 803 1916 tenuatur,
832 1843 870 1904 et
887 1829 962 1905 alte
1105 1833 1152 1903 80

44 1987 56 2007 ’
112 1978 341 2054 Nascentem
359 1978 528 2055 induitur
545 1979 675 2078 gracili
693 1978 908 2054 curvamine
925 1976 1075 2068 lunam;

113 2129 280 2205 Pectoris
297 2128 385 2204 huic
403 2129 451 2202 sit
467 2100 564 2204 latus
582 2128 720 2221 honor;
739 2139 950 2226 teretesque
967 2127 1138 2201 rotundis

113 2276 293 2355 Cruribus
304 2264 525 2351 incumbant
536 2275 693 2362 humeri,
708 2280 814 2374 (narn
825 2275 994 2352 cursibus
1007 2276 1156 2351 obstant

115 2424 256 2516 Crassi;
282 2435 375 2511 tum,
403 2424 433 2498 si
450 2449 516 2522 pes
532 2424 706 2499 mendaci
723 2424 888 2501 offendat
902 2447 1041 2511 arenae,

115 2570 346 2670 Praecipitat)
366 2571 591 2670 tandemque
609 2571 760 2671 obliquo
777 2573 825 2646 ad
843 2595 988 2647 summa
1005 2571 1141 2648 reversi

114 2721 239 2819 Terga
254 2697 374 2819 gradu
392 2732 544 2813 coeant3
564 2720 628 2795 ubi
645 2719 732 2796 colli
748 2723 935 2822 prominet
952 2747 1075 2809 arcus,
1091 2716 1156 2796 »36

116 2869 290 2968 Corporis
306 2879 345 2943 et
362 2893 551 2946 summum
568 2868 675 2970 ponit
692 2894 866 2946 mensura
883 2896 1078 2948 cacumen.
1111 2930 1115 2936 .

165 3017 392 3117 Quicunque
407 3017 473 3095 has
489 3015 614 3115 potuit
631 3016 756 3093 studio
773 3019 981 3118 producere
999 3020 1121 3109 dotes,

103 3164 295 3254 Mirabar,
324 3165 354 3243 si
372 3189 447 3241 non
464 3165 606 3266 primus
622 3166 792 3246 victricia
809 3181 919 3246 metae

118 3314 232 3413 Signa
245 3312 374 3392 volans
391 3325 549 3413 repetat,
577 3313 740 3415 celsique
757 3316 918 3417 insignia
935 3316 1023 3393 colli
1110 3316 1161 3399 40

118 3461 1160 3564 Concutiens(necsegnisanimantignarushonorum)

81 3666 85 3674 ,
118 3609 317 3689 Plaudenti
334 3612 486 3691 domino
504 3613 602 3695 dona
617 3611 719 3691 haud
731 3615 888 3715 indigna
905 3627 1084 3717 reportet.

167 3757 312 3834 Primus
329 3759 447 3839 honos
465 3757 634 3839 Arabum
651 3762 759 3852 natis,
787 3774 826 3839 et
842 3765 962 3862 prima
978 3762 1139 3848 refertur

43 3945 45 3948 ·
118 3901 321 3987 Nobilitas:
345 3907 482 4009 quibus
499 3907 601 3988 haud
618 3910 712 3988 alius
728 3915 962 4012 praestautior
978 3934 1158 4016 uuquam,

120 4058 245 4156 (Quos
256 4057 578 4150 velEricthonius,
591 4059 653 4136 vel
666 4077 777 4141 curru
786 4064 960 4168 adjunxit
970 4063 1161 4162 Achillea)

5 4454 133 4552 h
