2648 4868
191 420 245 512 40
497 440 643 509 nuum.
656 440 910 501 mrounusrs.

195 621 531 722 Aggeremunitur,
548 592 783 720 scopulnmm
801 629 968 716 aestuque
984 615 1143 695 furentis

95 835 100 841 .
195 768 358 869 Oceani„
378 793 474 868 saepe
490 771 600 843 unius
616 769 837 868 parvoorbe
850 768 925 845 diei
994 842 998 850 ,

195 917 424 1016 Omnigenas
441 918 529 991 anni
544 914 662 1026 facies*
677 939 896 990 concurrere
912 913 1001 1001 vidi,

195 1068 455 1165 AEstetemque
471 1066 706 1163 hiememque
722 1062 867 1138 incerto
879 1062 1037 1160 gliscere
1053 1059 1164 1136 coelo.

244 1204 358 1287 Nunc
375 1212 575 1311 quaesigna
587 1210 682 1285 solet
694 1209 864 1283 mutandi
876 1220 1066 1283 menstrua
1078 1208 1165 1284 coeli
1183 1215 1235 1282 es

194 1361 303 1443 Luna
319 1360 421 1446 dare,
446 1372 511 1435 aut
527 1357 631 1433 fulvo
647 1370 778 1432 vectus
795 1355 848 1431 sol
865 1381 997 1431 aureus
1014 1381 1097 1444 axe,

78 1540 83 1551 ’
116 1588 127 1598 ,
194 1509 343 1597 Quidve
359 1470 775 1606 planetarumfdiversus
792 1507 945 1583 suadeat
961 1530 1075 1594 error,
1091 1544 1096 1551 ·
1129 1562 1135 1570 .

195 1655 413 1754 Expediam.
466 1654 508 1729 si·
521 1654 695 1742 Phoebus,
723 1655 826 1754 aquis
842 1654 907 1729 ubi
924 1652 1043 1752 surgit
1060 1652 1155 1739 eois,·
1172 1690 1177 1699 ·

194 1806 353 1881 Fulserit
369 1805 502 1881 illustri
518 1803 683 1904 paullum
702 1804 922 1880 clarissimus
938 1805 1038 1903 igne,
1052 1837 1055 1843 ·
1074 1836 1090 1845 ··
1207 1835 1213 1847 ¹

193 1952 410 2053 Veltritque
426 1954 562 2029 iterum
580 1964 709 2051 capum
737 1965 802 2026 aut
819 1952 849 2025 si
867 1920 994 2025 nubila
1010 1949 1164 2024 circbm·
1182 1954 1235 2023 80

194 2098 405 2175 Velleribus
423 2098 611 2171 maculent
627 2099 758 2170 variati
775 2096 911 2171 caerula
925 2095 1029 2182 coeli;

90 2292 96 2310 ·
194 2246 363 2343 sperabis
379 2243 622 2342 pluviumque
641 2244 738 2321 diem
756 2256 961 2342 ventosque
978 2256 1163 2320 sonantes.
1181 2274 1198 2285 ·’

194 2392 257 2502 Sin
274 2391 421 2467 nebulae
435 2393 639 2466 obscurent
655 2403 789 2479 ortum,
815 2392 962 2491 lateque
979 2390 1166 2491 profunde

193 2541 301 2617 Valle
319 2556 423 2618 natet
439 2569 565 2643 vapor,
592 2556 632 2620 et
651 2546 719 2631 sub
741 2567 888 2619 carcere
909 2543 1069 2620 dormiat
1086 2545 1228 2637 Eurum

193 2693 314 2769 Crede
332 2693 451 2768 boves.
462 2716 568 2767 arvo:
597 2692 661 2768 tali
679 2718 753 2768 non
772 2695 895 2770 omine
913 2695 1042 2769 silvam
1178 2701 1228 2769 35

193 2844 275 2918 Aut
291 2853 417 2917 verret-
430 2853 554 2926 notus,
580 2852 646 2914 aut
661 2840 808 2940 gelidus
826 2854 904 2917 sata
919 2843 1067 2942 proluet
1084 2804 1234 2920 imben'

193 2993 297 3090 Saepe
316 3002 441 3066 autem
457 2992 506 3064 ad
523 2991 682 3090 liquidos
699 2991 801 3065 lusus
818 3002 1019 3091 notamque
1035 2992 1212 3091 paludem

193 3141 305 3242 Fugit
322 3163 421 3226 anas,
449 3162 655 3237 mucusque
673 3165 790 3228 anser,
818 3141 1022 3240 niveusque
1040 3141 1187 3247 Ctystri

190 3288 336 3380 Incola3
365 3312 461 3389 saepe
478 3300 590 3388 caput
607 3289 747 3368 circum
765 3291 979 3390 praenuncia
995 3290 1112 3363 nimbi
1168 3324 1171 3331 ·
1205 3364 1208 3369 .

191 3437 356 3538 Agmina
372 3460 581 3511 muscarum
600 3438 714 3512 sentit
726 3439 881 3512 stridere
897 3437 1027 3514 viator.
1117 3469 1121 3477 ·
1177 3444 1227 3511 40

192 3589 290 3663 Tum
308 3610 419 3661 sonus
437 3586 556 3661 audiri
572 3585 684 3674 silvis,
713 3585 881 3685 coeloque
897 3562 1060 3682 nigranti

192 3733 476 3811 Pulverulentus
494 3734 586 3819 odor
603 3736 730 3810 sitiens
748 3733 871 3815 balare
888 3759 955 3832 per
972 3756 1118 3806 arnume

189 3890 289 3963 Tum
308 3887 443 3986 repetit
459 3886 589 3960 nidum
607 3886 750 3971 cornis,
777 3897 815 3958 et
830 3884 990 3982 plurima
1006 3881 1169 3963 hirundo

191 4037 359 4111 Turbato
377 3996 540 4134 trepidos
557 4035 729 4108 intexens
747 4044 829 4107 aere
845 4056 956 4132 gyros
