2648 4868
138 402 220 485 298
453 427 585 483 nuens
613 424 869 484 snonnnsns.

138 608 318 706 Aumque
336 606 491 682 dividuo
507 607 587 682 visa
603 618 660 683 est
677 578 768 682 mihi
786 629 947 705 quaeque
967 629 1120 680 susurro

186 754 237 829 Et
254 754 359 832 tenui
375 753 530 854 longum
543 778 637 861 vnce
654 753 793 830 referre
809 753 905 829 vale.

137 899 276 988 Sentio,
304 914 344 977 et
360 902 526 978 exoritur
535 900 667 976 taedio
684 926 732 976 ex
747 898 930 999 languore
945 897 1136 998 voluptas,

186 1048 444 1152 Lactymaque
461 1050 501 1129 in
517 1049 648 1150 plenos
665 1047 828 1125 officiosa
843 1058 985 1122 metus.

137 1198 174 1274 O
189 1224 333 1290 nemus,
361 1230 384 1277 ο
402 1203 545 1282 dudum
562 1202 642 1278 noti
658 1197 865 1303 penetralia
880 1197 974 1286 luci,
1137 1205 1176 1273 25

185 1348 237 1424 Et
253 1350 343 1424 mihi
362 1376 445 1450 quae
462 1362 566 1426 secto
584 1351 725 1427 cortice
742 1369 879 1423 nomen
897 1345 1032 1434 habes,

135 1496 260 1584 Ulme‚
286 1522 418 1598 precor
435 1500 553 1575 vivas!
580 1522 651 1574 nec
668 1509 707 1571 te
724 1494 829 1574 Jovis
846 1494 961 1593 ignea
977 1505 1115 1594 tangat

185 1645 257 1733 Ira,
284 1671 406 1746 neque
425 1644 552 1722 AEolio
569 1645 718 1722 turbine
736 1654 862 1719 verrat
878 1642 1020 1718 hiems!

136 1792 186 1868 Et
202 1805 257 1882 tu,
285 1794 349 1894 qui
367 1793 507 1895 templa
525 1794 684 1870 Henrici
702 1791 890 1890 saltusque
907 1791 1079 1894 virentes

185 1942 362 2031 Praefluis,
392 1942 519 2020 Aonio
535 1967 674 2042 gurges
692 1940 812 2019 amice
830 1939 961 2027 choro,
1136 1939 1178 2009 30

134 2089 273 2164 Lenior
290 2090 429 2165 Icarios
447 2091 543 2166 inte
561 2090 662 2166 canis
680 2087 818 2164 inferat
834 2100 960 2178 aestus,

182 2237 267 2311 Nec
284 2237 411 2312 turbet
427 2235 587 2338 liquidas
604 2237 663 2313 ala
680 2237 828 2313 sinistra
844 2234 963 2310 Deas!

136 2384 203 2475 At,
221 2385 366 2484 quoties
384 2384 502 2458 multi
518 2384 679 2459 vitreum
697 2397 812 2485 caput
829 2384 1090 2470 exeris'undei,
1195 2363 1200 2375 ¹

185 2531 334 2619 Coralio
351 2531 519 2607 madidas
535 2531 766 2632 impediente
784 2558 922 2621 comas,

131 2676 298 2782 'Respice
316 2693 355 2756 et
371 2681 469 2757 hanc
487 2682 626 2770 sedem,
652 2680 752 2757 ludis
768 2681 835 2759 ubi
852 2682 985 2759 crebra
1003 2680 1180 2780 juventus

185 2831 439 2931 Pennipedem
447 2805 621 2918 exercet,
640 2830 730 2907 dum
748 2831 838 2909 sinit
854 2829 958 2918 hora,
978 2830 1097 2906 diem.
1138 2835 1180 2902 86

136 2978 265 3077 Atque
276 2977 420 3053 utinam
431 3003 574 3065 suaves,
593 2989 659 3056 tua
670 3003 763 3077 quos
773 2978 887 3054 habet
896 2977 1014 3066 unda,
1031 2998 1180 3053 canores

186 3127 243 3225 (Si
261 3127 410 3226 quando
427 3129 605 3228 exequias
622 3127 789 3204 concinit
800 3126 905 3202 albus
923 3126 1028 3221 olor)

137 3272 188 3350 Et
205 3299 288 3348 mea
303 3300 380 3349 vox
397 3275 564 3350 animans
582 3300 728 3351 summo
745 3273 1001 3350 modulamine
1018 3277 1140 3374 possit

187 3421 336 3497 Solvere
353 3423 392 3497 in
410 3435 586 3522 argutum
603 3422 884 3499 consciscenda
900 3421 1034 3498 meles.

137 3567 237 3643 Tum
272 3593 458 3662 canerem,
494 3570 709 3672 quicunque
747 3569 836 3647 olim
871 3569 1000 3645 studio
1035 3570 1181 3670 auspice

284 3719 419 3796 tollens
483 3753 485 3757 >
1137 3723 1178 3793 41

185 3868 314 3944 Finxit
330 3868 379 3966 sd
395 3867 463 3945 hos
479 3871 587 3969 pueri
602 3870 707 3948 labra
722 3865 863 3945 tenella
879 3890 1005 3945 sonos.

121 4007 194 4093 'Te
202 4017 389 4092 canerem!
403 4015 476 4091 Ast
485 4016 762 4094 humilisociem
775 4015 866 4125 quin
877 4015 1041 4114 grandia
1050 4016 1180 4125 navo?

185 4164 275 4240 Non
291 4191 336 4240 ea
352 4177 440 4242 sunt
456 4166 591 4242 nostris
609 4166 839 4242 attenuenda
854 4155 988 4239 modis.
