2648 4868
133 480 214 562 198
436 498 570 554 unsa:
599 496 854 554 nnonnusrs.

379 838 469 880 scu
489 802 557 878 {rou
577 838 651 878 luno
673 837 754 885 neos
775 834 937 878 curmae
1027 854 1030 859 ·

136 919 261 976 Helleni.
1009 933 1037 973 a.
1051 933 1085 972 n.
1102 919 1178 983 1795.

137 1294 287 1381 Qunnrs
303 1290 369 1364 ubi
385 1288 494 1362 invisi
510 1287 610 1388 fugit
623 1286 829 1362 retinacula
845 1285 1014 1374 claustri,

187 1438 376 1535 Purpureo
393 1433 551 1509 exultim
568 1435 645 1509 sole
662 1435 810 1509 renidet
826 1435 922 1519 avis3

140 1583 235 1683 Mox
253 1584 414 1658 dominae
431 1593 597 1658 assuetos
615 1581 802 1656 desiderat
818 1581 908 1656 exul
925 1602 1089 1670 amores,
1147 1650 1151 1657 .

186 1732 269 1807 Nec
282 1746 377 1838 vaga
393 1732 556 1818 libertas,
583 1755 654 1804 nec
672 1754 738 1804 sua
754 1728 847 1804 silva
863 1728 1009 1828 placet:

57 1852 64 1866 l
139 1879 193 1953 At
210 1904 365 1968 memor,
383 1891 421 1953 at
438 1878 536 1953 laesis
553 1878 691 1952 iterans
708 1875 882 1974 lugubria
898 1877 1049 1974 pennis,
1159 1882 1181 1947 5

188 2026 391 2100 Pervolitat
408 2025 534 2129 solitas
551 2023 752 2122 irrequieta
768 2022 877 2097 fores.

139 2172 199 2247 Sic
216 2196 321 2269 puer,
340 2171 494 2244 instanti
512 2195 622 2268 quem
640 2195 707 2268 per
724 2168 807 2244 loca
824 2170 977 2244 conscia
993 2169 1141 2245 Phoebo

188 2317 346 2391 Sustulit
363 2316 483 2390 altrici
501 2328 620 2391 mater
638 2316 762 2392 Etona
778 2317 873 2404 sinu,

92 2460 99 2471 “
140 2430 310 2561 Respicit
330 2462 487 2536 Henrici
504 2461 621 2550 sedes,
650 2475 689 2537 et
705 2476 795 2538 nota
812 2462 939 2537 revisit

188 2610 372 2699 Flumina,
400 2611 449 2685 ad
468 2611 630 2686 Aoniam
647 2635 724 2685 non
740 2609 930 2684 taciturna
945 2608 1099 2712 chelyn.
1138 2573 1185 2686 ‘10

140 2762 245 2859 Soepe
263 2760 358 2834 aded
375 2784 556 2834 memores
573 2757 722 2857 pietatis
740 2756 897 2855 pignora
913 2757 1007 2845 nati,

189 2906 241 2980 Et
256 2881 362 3003 grata
379 2905 428 2979 ad
444 2917 588 2978 veteres
606 2904 705 2978 dona
720 2903 841 2979 tulere
856 2902 964 2978 lares.

142 3051 332 3126 Marmore
349 3052 411 3126 hic
431 3052 588 3127 Henrici
598 3052 711 3150 jussit
728 3053 865 3151 spirare
881 3051 1056 3151 figuram,

190 3199 352 3275 Addidit
368 3200 529 3299 antiquis
546 3201 608 3275 hic
625 3225 722 3274 nova
737 3198 880 3299 templa
894 3196 1001 3274 focis.

36 3387 44 3397 ·
142 3348 211 3423 Ille
228 3350 352 3435 libros,
380 3373 438 3423 res
455 3348 518 3424 ille
535 3349 697 3448 antiquae
714 3346 835 3422 laudis
853 3358 892 3423 et
908 3350 1011 3436 artis,
1142 3359 1184 3427 15

191 3496 278 3583 Quo
296 3496 365 3571 tibi
384 3497 565 3570 doctrinae
581 3508 846 3594 promoveatur
862 3455 992 3570 honos.

142 3647 255 3721 Nunc
273 3669 432 3743 quoque,
459 3669 561 3719 nunc
578 3645 720 3719 animos
736 3643 809 3717 alio
827 3645 896 3718 sub
913 3643 991 3718 sole
1007 3643 1140 3721 fideles

191 3792 333 3875 Servat,
352 3803 390 3864 et
408 3791 560 3866 eximias
578 3791 724 3865 mittit*
744 3791 917 3865 alumnus
933 3756 1038 3889 opes.

142 3942 242 4015 Ecce
259 3937 328 4013 tibi
345 3938 499 4012 heroum
520 3938 640 4011 Persis
657 3950 900 4013 monumenta
920 3898 1088 4027 suorum,

192 4087 304 4173 Ecce,
331 4085 401 4160 tibi
415 4083 610 4182 indigenas
626 4084 753 4172 tradit,
782 4085 916 4173 Etona,
942 4083 1056 4184 lyras.
1081 4085 1087 4093 '
1141 4092 1184 4159 20

570 4307 589 4342 l
610 4304 665 4362 Er.
682 4305 757 4362 Pete.
