2648 4868
385 483 516 540 musm
545 485 803 540 mourusus.
838 553 843 562 ,
1060 463 1111 545 19

68 632 246 742 AEternos
263 679 441 743 revocant
459 694 525 745 sua
540 694 608 770 per
625 670 784 768 vestigia
799 693 929 771 gyros3
1059 709 1061 711 ·

67 813 156 897 Cur,
171 814 237 888 ubi
252 814 471 914 permistum
488 815 645 914 genitali
663 815 838 914 sulphure
856 816 996 892 nitrum
1014 829 1081 906 est,

64 960 133 1035 Vis
150 961 227 1036 coit
243 963 402 1068 interna,
431 975 469 1037 et
486 964 617 1063 rapido
633 962 833 1038 violentius
850 975 946 1081 aestu

64 1107 173 1184 Aeris
191 1135 373 1185 oceanum
391 1123 551 1210 angusto
568 1111 636 1185 sub
654 1110 808 1210 pulvere
827 1091 994 1239 claudit:

64 1257 128 1332 Sat
143 1255 248 1348 mihi,
267 1269 322 1332 sat
335 1257 459 1333 lucem
478 1270 516 1333 et
533 1259 639 1333 tenui
658 1257 846 1333 celebrare
865 1252 1032 1385 camena,
1048 1224 1109 1333 50

61 1402 214 1491 Phoebe,
243 1416 325 1478 tuas
342 1404 493 1481 laudes·
482 1463 494 1500 ,
523 1407 588 1482 sed
605 1406 688 1505 quis
708 1419 774 1482 tua
794 1370 950 1519 munera
941 1400 1081 1481 fando

60 1548 245 1649 Explicet,
273 1563 339 1626 aut
357 1552 490 1651 dignos
508 1554 580 1628 aris
597 1553 780 1629 accendat
797 1548 978 1629 honores?

60 1699 116 1774 Te
134 1696 328 1776 dominum
348 1703 480 1791 Persis,
508 1715 546 1779 te
557 1703 694 1803 juncto
714 1702 845 1824 Media
862 1705 999 1857 Bactqu

60 1847 293 1947 Aggreditur
310 1852 501 1948 precibus:
529 1862 569 1925 te
587 1851 738 1924 conscia
755 1876 844 1924 saxa
859 1838 1079 1948 lequuntur,

57 1990 113 2068 Te
130 2005 264 2068 tenues
282 1996 408 2083 atomi,
429 2007 468 2070 et
483 1995 634 2094 liquidis
652 1975 753 2068 calm
767 1977 901 2069 irrsitus
919 1995 1040 2072 undis.
1053 2007 1104 2072 55

56 2142 207 2219 Scilicet
224 2141 379 2217 aetherio
396 2152 587 2241 pertentas
600 2126 730 2215 'omnia
746 2122 852 2215 motu
895 2116 899 2120 ι
933 2115 939 2121 .
981 2137 1001 2193 ³

55 2290 212 2406 ingenia
233 2315 420 2365 exacuens
438 2288 645 2373 hominum,
674 2312 765 2385 quos
783 2275 956 2386 primitus
967 2291 1100 2390 ignem

54 2439 257 2559 innumera
274 2438 386 2514 silicis
404 2435 565 2512 docuisti
582 2433 771 2509 ‘excudere
788 2424 901 2532 vena}

54 2588 318 2688 Auspiciisque
336 2585 411 2660 tuis
429 2570 607 2684 supposto
623 2581 756 2656 fomite
774 2592 901 2655 manat

54 2731 166 2812 Unda
182 2734 468 2820 metallorum,
457 2757 497 2806 m
510 2729 631 2805 varios
648 2708 744 2801 hinc
754 2725 906 2801 ductilis
924 2752 1031 2825 usus3
1050 2739 1099 2806 60

54 2879 264 2979 Fabrilique
281 2905 395 2986 manu
412 2879 561 2954 tractim
578 2874 749 2999 sarmata,
777 2865 945 2950 decore
1026 2900 1028 2904 ·
1051 2868 1054 2879 ’

53 3027 144 3102 Pars
157 3051 314 3126 quaeque
332 3024 528 3100 induitur
513 3049 630 3123 jusso,
658 3023 873 3123 pariterque
891 3020 1016 3097 coloni

52 3173 100 3249 Et
117 3175 257 3273 pariter
274 3173 384 3247 duras
402 3181 560 3248 exornat
577 3167 704 3243 militis
722 3180 830 3243 artes.
864 3162 866 3169 ’

52 3319 153 3409 Quin
171 3332 221 3408 et,
250 3319 402 3408 Phoebe,
429 3331 506 3393 tuae
522 3341 599 3393 non
616 3317 746 3415 indiga
762 3316 930 3391 materiei

50 3468 116 3544 Vis
130 3469 245 3544 animi
261 3467 384 3554 floret,
409 3466 534 3542 valido
552 3466 642 3540 dum
661 3489 816 3564 corpore
832 3465 968 3565 passim
1045 3474 1093 3544 65
1197 3448 1199 3454 ’

51 3616 94 3693 In
111 3606 209 3692 vires
226 3627 404 3690 renovata
420 3639 516 3701 suas,
545 3613 770 3689 commercia
787 3608 873 3687 c'oeli
942 3608 945 3615 ’
1030 3609 1034 3616 ’

50 3766 174 3842 Altius
192 3765 375 3866 exposcit,
401 3764 618 3861 sacramque
634 3761 768 3836 irr'duta
777 3758 990 3860 juventam

50 3913 197 3990 Emicat
213 3914 383 4003 exultim,
411 3924 450 3988 et
465 3909 606 4011 patrios
624 3908 694 3984 sibi
710 3907 878 3983 vindicat
894 3905 1059 3983 haustus.

488 4201 714 4301 „cQs
