<?xml version="1.0" encoding="UTF-8"?>
<!DOCTYPE html PUBLIC "-//W3C//DTD XHTML 1.0 Transitional//EN"
    "http://www.w3.org/TR/xhtml1/DTD/xhtml1-transitional.dtd">
<html xmlns="http://www.w3.org/1999/xhtml" xml:lang="en" lang="en">
 <head>
  <title>
</title>
<meta http-equiv="Content-Type" content="text/html;charset=utf-8" />
  <meta name='ocr-system' content='tesseract 3.04.00' />
  <meta name='ocr-capabilities' content='ocr_page ocr_carea ocr_par ocr_line ocrx_word'/>
</head>
<body>
  <div class='ocr_page' id='page_1' title='image "./musetonensesseu01unkngoog_0043.png"; bbox 0 0 2648 4868; ppageno 0'>
   <div class='ocr_carea' id='block_1_1' title="bbox 210 449 939 528">
    <p class='ocr_par' dir='ltr' id='par_1_1' title="bbox 210 449 939 528">
     <span class='ocr_line' id='line_1_1' title="bbox 210 449 939 528; baseline -0.014 -1"><span class='ocrx_word' id='word_1_1' title='bbox 210 449 266 528; x_wconf 67' lang='lat'><strong>98</strong></span> <span class='ocrx_word' id='word_1_2' title='bbox 518 452 651 522; x_wconf 74' lang='lat' dir='ltr'><strong>riusn</strong></span> <span class='ocrx_word' id='word_1_3' title='bbox 681 452 939 520; x_wconf 79' lang='lat' dir='ltr'><strong>nroususns.</strong></span> 
     </span>
    </p>
   </div>
   <div class='ocr_carea' id='block_1_2' title="bbox 497 688 970 762">
    <p class='ocr_par' dir='ltr' id='par_1_2' title="bbox 497 688 970 762">
     <span class='ocr_line' id='line_1_2' title="bbox 497 688 970 762; baseline -0.008 -1"><span class='ocrx_word' id='word_1_4' title='bbox 497 719 698 762; x_wconf 77' lang='lat' dir='ltr'><strong>orrroorour</strong></span> <span class='ocrx_word' id='word_1_5' title='bbox 720 688 970 760; x_wconf 75' lang='lat' dir='ltr'><strong>somcrruurnss.</strong></span> 
     </span>
    </p>
   </div>
   <div class='ocr_carea' id='block_1_3' title="bbox 210 800 1257 940">
    <p class='ocr_par' dir='ltr' id='par_1_3' title="bbox 210 800 1257 940">
     <span class='ocr_line' id='line_1_3' title="bbox 210 800 1257 869; baseline -0.011 -2"><span class='ocrx_word' id='word_1_6' title='bbox 210 813 343 869; x_wconf 79' lang='lat' dir='ltr'><strong>Westem.</strong></span> <span class='ocrx_word' id='word_1_7' title='bbox 1085 820 1112 863; x_wconf 79' lang='grc' dir='ltr'><strong>Α.</strong></span> <span class='ocrx_word' id='word_1_8' title='bbox 1127 821 1159 862; x_wconf 83' lang='lat' dir='ltr'><strong>n.</strong></span> <span class='ocrx_word' id='word_1_9' title='bbox 1171 800 1257 866; x_wconf 76' lang='lat' dir='ltr'><strong>nst.</strong></span> 
     </span>
     <span class='ocr_line' id='line_1_4' title="bbox 627 904 831 940; baseline 0 0"><span class='ocrx_word' id='word_1_10' title='bbox 627 904 831 940; x_wconf 58' lang='grc' dir='ltr'><strong>εει-,ει</strong></span> 
     </span>
    </p>
   </div>
   <div class='ocr_carea' id='block_1_4' title="bbox 206 1018 1251 2023">
    <p class='ocr_par' dir='ltr' id='par_1_4' title="bbox 209 1018 1029 1278">
     <span class='ocr_line' id='line_1_5' title="bbox 209 1018 1029 1131; baseline -0.007 -23"><span class='ocrx_word' id='word_1_11' title='bbox 209 1018 367 1108; x_wconf 77' lang='lat' dir='ltr'><strong>Psoron</strong></span> <span class='ocrx_word' id='word_1_12' title='bbox 386 1030 453 1106; x_wconf 91' lang='lat' dir='ltr'><strong>sub</strong></span> <span class='ocrx_word' id='word_1_13' title='bbox 473 1032 625 1131; x_wconf 88' lang='lat' dir='ltr'><strong>asperis,</strong></span> <span class='ocrx_word' id='word_1_14' title='bbox 651 1031 793 1130; x_wconf 87' lang='lat' dir='ltr'><strong>procul,</strong></span> <span class='ocrx_word' id='word_1_15' title='bbox 822 1027 1029 1104; x_wconf 84' lang='lat' dir='ltr'><strong>inamabilis</strong></span> 
     </span>
     <span class='ocr_line' id='line_1_6' title="bbox 257 1180 754 1278; baseline -0.008 -21"><span class='ocrx_word' id='word_1_16' title='bbox 257 1182 440 1266; x_wconf 82' lang='lat' dir='ltr'><strong>Tristitia,</strong></span> <span class='ocrx_word' id='word_1_17' title='bbox 467 1180 622 1278; x_wconf 81' lang='lat' dir='ltr'><strong>rupibus</strong></span> <span class='ocrx_word' id='word_1_18' title='bbox 640 1191 754 1278; x_wconf 87' lang='lat' dir='ltr'><strong>caput</strong></span> 
     </span>
    </p>

    <p class='ocr_par' dir='ltr' id='par_1_5' title="bbox 208 1326 1021 1565">
     <span class='ocr_line' id='line_1_7' title="bbox 208 1326 1021 1427; baseline -0.004 -21"><span class='ocrx_word' id='word_1_19' title='bbox 208 1331 259 1406; x_wconf 89' lang='lat' dir='ltr'><strong>Et</strong></span> <span class='ocrx_word' id='word_1_20' title='bbox 276 1356 341 1405; x_wconf 87' lang='lat' dir='ltr'><strong>ora</strong></span> <span class='ocrx_word' id='word_1_21' title='bbox 360 1329 480 1403; x_wconf 87' lang='lat' dir='ltr'><strong>conde</strong></span> <span class='ocrx_word' id='word_1_22' title='bbox 498 1339 614 1421; x_wconf 83' lang='lat' dir='ltr'><strong>tetra3</strong></span> <span class='ocrx_word' id='word_1_23' title='bbox 644 1330 717 1426; x_wconf 76' lang='lat' dir='ltr'><strong>qub</strong></span> <span class='ocrx_word' id='word_1_24' title='bbox 733 1326 859 1427; x_wconf 82' lang='lat' dir='ltr'><strong>nigrat</strong></span> <span class='ocrx_word' id='word_1_25' title='bbox 875 1353 1021 1416; x_wconf 85' lang='lat' dir='ltr'><strong>nemus,</strong></span> 
     </span>
     <span class='ocr_line' id='line_1_8' title="bbox 256 1477 748 1565; baseline 0.002 -17"><span class='ocrx_word' id='word_1_26' title='bbox 256 1477 343 1565; x_wconf 76' lang='lat' dir='ltr'><strong>Qua</strong></span> <span class='ocrx_word' id='word_1_27' title='bbox 361 1477 495 1553; x_wconf 86' lang='lat' dir='ltr'><strong>stridet</strong></span> <span class='ocrx_word' id='word_1_28' title='bbox 511 1487 592 1551; x_wconf 86' lang='lat' dir='ltr'><strong>atra</strong></span> <span class='ocrx_word' id='word_1_29' title='bbox 608 1486 748 1549; x_wconf 86' lang='lat' dir='ltr'><strong>noctua</strong></span> 
     </span>
    </p>

    <p class='ocr_par' dir='ltr' id='par_1_6' title="bbox 208 1622 1251 1859">
     <span class='ocr_line' id='line_1_9' title="bbox 208 1622 1251 1723; baseline -0.001 -22"><span class='ocrx_word' id='word_1_30' title='bbox 208 1623 363 1702; x_wconf 87' lang='lat' dir='ltr'><strong>Timens</strong></span> <span class='ocrx_word' id='word_1_31' title='bbox 381 1624 559 1711; x_wconf 87' lang='lat' dir='ltr'><strong>timenda,</strong></span> <span class='ocrx_word' id='word_1_32' title='bbox 588 1635 627 1697; x_wconf 88' lang='lat' dir='ltr'><strong>et</strong></span> <span class='ocrx_word' id='word_1_33' title='bbox 644 1622 767 1713; x_wconf 77' lang='lat' dir='ltr'><strong>sibilat</strong></span> <span class='ocrx_word' id='word_1_34' title='bbox 783 1623 875 1723; x_wconf 84' lang='lat' dir='ltr'><strong>vigil</strong></span> <span class='ocrx_word' id='word_1_35' title='bbox 893 1625 1023 1700; x_wconf 84' lang='lat' dir='ltr'><strong>draco:</strong></span> <span class='ocrx_word' id='word_1_36' title='bbox 1230 1636 1251 1700; x_wconf 84' lang='lat'><strong><em>5</em></strong></span> 
     </span>
     <span class='ocr_line' id='line_1_10' title="bbox 258 1771 748 1859; baseline -0.004 -12"><span class='ocrx_word' id='word_1_37' title='bbox 258 1772 429 1847; x_wconf 84' lang='lat' dir='ltr'><strong>Tristitia</strong></span> <span class='ocrx_word' id='word_1_38' title='bbox 450 1771 566 1859; x_wconf 84' lang='lat' dir='ltr'><strong>foeda,</strong></span> <span class='ocrx_word' id='word_1_39' title='bbox 594 1772 748 1847; x_wconf 78' lang='lat' dir='ltr'><strong>Cerb‘eri</strong></span> 
     </span>
    </p>

    <p class='ocr_par' dir='ltr' id='par_1_7' title="bbox 206 1919 1101 2023">
     <span class='ocr_line' id='line_1_11' title="bbox 206 1919 1101 2023; baseline 0 -27"><span class='ocrx_word' id='word_1_40' title='bbox 206 1921 394 2023; x_wconf 89' lang='lat' dir='ltr'><strong>Erebique</strong></span> <span class='ocrx_word' id='word_1_41' title='bbox 412 1932 515 2012; x_wconf 85' lang='lat' dir='ltr'><strong>nata,</strong></span> <span class='ocrx_word' id='word_1_42' title='bbox 540 1921 565 2008; x_wconf 92' lang='lat' dir='ltr'><strong>i,</strong></span> <span class='ocrx_word' id='word_1_43' title='bbox 593 1919 751 2018; x_wconf 86' lang='lat' dir='ltr'><strong>patriam</strong></span> <span class='ocrx_word' id='word_1_44' title='bbox 769 1931 915 2020; x_wconf 83' lang='lat' dir='ltr'><strong>repetas</strong></span> <span class='ocrx_word' id='word_1_45' title='bbox 934 1921 1101 2009; x_wconf 83' lang='lat' dir='ltr'><strong>domum,</strong></span> 
     </span>
    </p>
   </div>
   <div class='ocr_carea' id='block_1_5' title="bbox 256 2043 809 2168">
    <p class='ocr_par' dir='ltr' id='par_1_8' title="bbox 256 2043 809 2168">
     <span class='ocr_line' id='line_1_12' title="bbox 256 2043 809 2168; baseline -0.004 -25"><span class='ocrx_word' id='word_1_46' title='bbox 256 2069 408 2168; x_wconf 85' lang='lat' dir='ltr'><strong>Hydras</strong></span> <span class='ocrx_word' id='word_1_47' title='bbox 426 2043 470 2144; x_wconf 81' lang='lat' dir='ltr'><strong>et¹</strong></span> <span class='ocrx_word' id='word_1_48' title='bbox 481 2071 580 2143; x_wconf 89' lang='lat' dir='ltr'><strong>inter</strong></span> <span class='ocrx_word' id='word_1_49' title='bbox 597 2068 809 2165; x_wconf 87' lang='lat' dir='ltr'><strong>Gorgonas.</strong></span> 
     </span>
    </p>
   </div>
   <div class='ocr_carea' id='block_1_6' title="bbox 134 2213 1035 4234">
    <p class='ocr_par' dir='ltr' id='par_1_9' title="bbox 208 2213 1026 2463">
     <span class='ocr_line' id='line_1_13' title="bbox 208 2213 1026 2313; baseline 0.005 -24"><span class='ocrx_word' id='word_1_50' title='bbox 208 2216 262 2290; x_wconf 88' lang='lat' dir='ltr'><strong>At</strong></span> <span class='ocrx_word' id='word_1_51' title='bbox 277 2215 353 2289; x_wconf 93' lang='lat' dir='ltr'><strong>huc</strong></span> <span class='ocrx_word' id='word_1_52' title='bbox 371 2216 518 2289; x_wconf 84' lang='lat' dir='ltr'><strong>nitente</strong></span> <span class='ocrx_word' id='word_1_53' title='bbox 535 2225 654 2298; x_wconf 86' lang='lat' dir='ltr'><strong>veste,</strong></span> <span class='ocrx_word' id='word_1_54' title='bbox 680 2213 876 2313; x_wconf 86' lang='lat' dir='ltr'><strong>negligens</strong></span> <span class='ocrx_word' id='word_1_55' title='bbox 895 2241 1026 2310; x_wconf 72' lang='lat' dir='ltr'><strong>comae,</strong></span> 
     </span>
     <span class='ocr_line' id='line_1_14' title="bbox 257 2361 965 2463; baseline 0.008 -29"><span class='ocrx_word' id='word_1_56' title='bbox 257 2361 362 2452; x_wconf 87' lang='lat' dir='ltr'><strong>Huc,</strong></span> <span class='ocrx_word' id='word_1_57' title='bbox 389 2361 549 2439; x_wconf 83' lang='lat' dir='ltr'><strong>candida</strong></span> <span class='ocrx_word' id='word_1_58' title='bbox 567 2361 825 2463; x_wconf 86' lang='lat' dir='ltr'><strong>Euphrosyne,</strong></span> <span class='ocrx_word' id='word_1_59' title='bbox 853 2366 941 2442; x_wconf 88' lang='lat' dir='ltr'><strong>veni</strong></span> <span class='ocrx_word' id='word_1_60' title='bbox 953 2398 965 2461; x_wconf 90' lang='lat'>;</span> 
     </span>
    </p>

    <p class='ocr_par' dir='ltr' id='par_1_10' title="bbox 206 2511 904 2764">
     <span class='ocr_line' id='line_1_15' title="bbox 206 2511 904 2616; baseline 0 -26"><span class='ocrx_word' id='word_1_61' title='bbox 206 2511 320 2604; x_wconf 86' lang='lat' dir='ltr'><strong>Veni,</strong></span> <span class='ocrx_word' id='word_1_62' title='bbox 346 2512 462 2613; x_wconf 85' lang='lat' dir='ltr'><strong>Lyaeo</strong></span> <span class='ocrx_word' id='word_1_63' title='bbox 480 2539 591 2616; x_wconf 88' lang='lat' dir='ltr'><strong>quam</strong></span> <span class='ocrx_word' id='word_1_64' title='bbox 609 2512 698 2588; x_wconf 91' lang='lat' dir='ltr'><strong>tulit</strong></span> <span class='ocrx_word' id='word_1_65' title='bbox 714 2515 904 2590; x_wconf 86' lang='lat' dir='ltr'><strong>carissima</strong></span> 
     </span>
     <span class='ocr_line' id='line_1_16' title="bbox 256 2663 722 2764; baseline 0 -26"><span class='ocrx_word' id='word_1_66' title='bbox 256 2663 406 2764; x_wconf 87' lang='lat' dir='ltr'><strong>Regina</strong></span> <span class='ocrx_word' id='word_1_67' title='bbox 423 2664 548 2739; x_wconf 87' lang='lat' dir='ltr'><strong>ridens</strong></span> <span class='ocrx_word' id='word_1_68' title='bbox 566 2664 722 2764; x_wconf 86' lang='lat' dir='ltr'><strong>Cypria:</strong></span> 
     </span>
    </p>

    <p class='ocr_par' dir='ltr' id='par_1_11' title="bbox 204 2812 1004 3046">
     <span class='ocr_line' id='line_1_17' title="bbox 204 2812 1004 2912; baseline 0 -22"><span class='ocrx_word' id='word_1_69' title='bbox 204 2815 292 2900; x_wconf 85' lang='lat' dir='ltr'><strong>Seu,</strong></span> <span class='ocrx_word' id='word_1_70' title='bbox 319 2814 420 2889; x_wconf 87' lang='lat' dir='ltr'><strong>socia</strong></span> <span class='ocrx_word' id='word_1_71' title='bbox 437 2812 617 2912; x_wconf 89' lang='lat' dir='ltr'><strong>Zephyris</strong></span> <span class='ocrx_word' id='word_1_72' title='bbox 630 2838 718 2887; x_wconf 86' lang='lat' dir='ltr'><strong>vere</strong></span> <span class='ocrx_word' id='word_1_73' title='bbox 736 2813 1004 2902; x_wconf 85' lang='lat' dir='ltr'><strong>suaviantibus,</strong></span> 
     </span>
     <span class='ocr_line' id='line_1_18' title="bbox 255 2957 699 3046; baseline -0.002 -12"><span class='ocrx_word' id='word_1_74' title='bbox 255 2959 313 3034; x_wconf 89' lang='lat' dir='ltr'><strong>Te</strong></span> <span class='ocrx_word' id='word_1_75' title='bbox 330 2957 485 3033; x_wconf 86' lang='lat' dir='ltr'><strong>roscidis</strong></span> <span class='ocrx_word' id='word_1_76' title='bbox 503 2957 699 3046; x_wconf 92' lang='lat' dir='ltr'><strong>cubilibus,</strong></span> 
     </span>
    </p>

    <p class='ocr_par' dir='ltr' id='par_1_12' title="bbox 204 3105 891 3358">
     <span class='ocr_line' id='line_1_19' title="bbox 204 3105 891 3207; baseline 0.004 -23"><span class='ocrx_word' id='word_1_77' title='bbox 204 3107 263 3184; x_wconf 91' lang='lat' dir='ltr'><strong>Te</strong></span> <span class='ocrx_word' id='word_1_78' title='bbox 279 3105 365 3181; x_wconf 89' lang='lat' dir='ltr'><strong>liliis</strong></span> <span class='ocrx_word' id='word_1_79' title='bbox 382 3105 563 3206; x_wconf 88' lang='lat' dir='ltr'><strong>violisque</strong></span> <span class='ocrx_word' id='word_1_80' title='bbox 580 3107 727 3207; x_wconf 89' lang='lat' dir='ltr'><strong>peperit</strong></span> <span class='ocrx_word' id='word_1_81' title='bbox 744 3121 783 3187; x_wconf 87' lang='lat' dir='ltr'><strong>et</strong></span> <span class='ocrx_word' id='word_1_82' title='bbox 800 3112 891 3187; x_wconf 89' lang='lat' dir='ltr'><strong>rosis</strong></span> 
     </span>
     <span class='ocr_line' id='line_1_20' title="bbox 254 3255 732 3358; baseline -0.002 -24"><span class='ocrx_word' id='word_1_83' title='bbox 254 3255 404 3334; x_wconf 88' lang='lat' dir='ltr'><strong>Aurora</strong></span> <span class='ocrx_word' id='word_1_84' title='bbox 420 3260 584 3356; x_wconf 70' lang='lat' dir='ltr'><strong>prupurb</strong></span> <span class='ocrx_word' id='word_1_85' title='bbox 600 3255 732 3358; x_wconf 86' lang='lat' dir='ltr'><strong>fluens.</strong></span> 
     </span>
    </p>

    <p class='ocr_par' dir='ltr' id='par_1_13' title="bbox 204 3406 972 3525">
     <span class='ocr_line' id='line_1_21' title="bbox 204 3406 972 3525; baseline 0.005 -42"><span class='ocrx_word' id='word_1_86' title='bbox 204 3407 351 3483; x_wconf 87' lang='lat' dir='ltr'><strong>Tecum</strong></span> <span class='ocrx_word' id='word_1_87' title='bbox 369 3406 597 3525; x_wconf 79' lang='lat' dir='ltr'><strong>Cachinnus,</strong></span> <span class='ocrx_word' id='word_1_88' title='bbox 625 3419 664 3483; x_wconf 87' lang='lat' dir='ltr'><strong>et</strong></span> <span class='ocrx_word' id='word_1_89' title='bbox 682 3409 839 3486; x_wconf 86' lang='lat' dir='ltr'><strong>volatilis</strong></span> <span class='ocrx_word' id='word_1_90' title='bbox 856 3411 972 3508; x_wconf 87' lang='lat' dir='ltr'><strong>Jocus</strong></span> 
     </span>
    </p>

    <p class='ocr_par' dir='ltr' id='par_1_14' title="bbox 134 3545 812 3661">
     <span class='ocr_line' id='line_1_22' title="bbox 134 3545 812 3661; baseline -0.001 -30"><span class='ocrx_word' id='word_1_91' title='bbox 134 3589 137 3593; x_wconf 92' lang='lat'>·</span> <span class='ocrx_word' id='word_1_92' title='bbox 255 3557 322 3644; x_wconf 87' lang='lat' dir='ltr'><strong>Sit,</strong></span> <span class='ocrx_word' id='word_1_93' title='bbox 350 3556 469 3631; x_wconf 90' lang='lat' dir='ltr'><strong>omnis</strong></span> <span class='ocrx_word' id='word_1_94' title='bbox 487 3567 599 3655; x_wconf 86' lang='lat' dir='ltr'><strong>atque</strong></span> <span class='ocrx_word' id='word_1_95' title='bbox 618 3558 726 3661; x_wconf 86' lang='lat' dir='ltr'><strong>copia</strong></span> <span class='ocrx_word' id='word_1_96' title='bbox 809 3545 812 3551; x_wconf 68' lang='grc'><strong>’</strong></span> 
     </span>
    </p>

    <p class='ocr_par' dir='ltr' id='par_1_15' title="bbox 205 3703 1035 3810">
     <span class='ocr_line' id='line_1_23' title="bbox 205 3703 1035 3810; baseline 0.005 -29"><span class='ocrx_word' id='word_1_97' title='bbox 205 3703 331 3781; x_wconf 82' lang='lat' dir='ltr'><strong>Salum</strong></span> <span class='ocrx_word' id='word_1_98' title='bbox 347 3705 577 3805; x_wconf 86' lang='lat' dir='ltr'><strong>procacium,</strong></span> <span class='ocrx_word' id='word_1_99' title='bbox 603 3708 716 3807; x_wconf 88' lang='lat' dir='ltr'><strong>inque</strong></span> <span class='ocrx_word' id='word_1_100' title='bbox 734 3709 923 3784; x_wconf 89' lang='lat' dir='ltr'><strong>montibus</strong></span> <span class='ocrx_word' id='word_1_101' title='bbox 939 3735 1035 3810; x_wconf 81' lang='lat' dir='ltr'><strong>vago</strong></span> 
     </span>
    </p>

    <p class='ocr_par' dir='ltr' id='par_1_16' title="bbox 208 3826 751 3941">
     <span class='ocr_line' id='line_1_24' title="bbox 208 3826 751 3941; baseline 0.004 -13"><span class='ocrx_word' id='word_1_102' title='bbox 208 3826 228 3941; x_wconf 31' lang='grc'><strong>’,</strong></span> <span class='ocrx_word' id='word_1_103' title='bbox 254 3851 418 3930; x_wconf 81' lang='lat' dir='ltr'><strong>Assueta</strong></span> <span class='ocrx_word' id='word_1_104' title='bbox 435 3853 608 3931; x_wconf 83' lang='lat' dir='ltr'><strong>Libertas</strong></span> <span class='ocrx_word' id='word_1_105' title='bbox 625 3852 751 3931; x_wconf 90' lang='lat' dir='ltr'><strong>choro.</strong></span> 
     </span>
    </p>

    <p class='ocr_par' dir='ltr' id='par_1_17' title="bbox 205 3975 905 4234">
     <span class='ocr_line' id='line_1_25' title="bbox 205 3975 905 4092; baseline 0.007 -14"><span class='ocrx_word' id='word_1_106' title='bbox 205 4001 299 4092; x_wconf 82' lang='lat' dir='ltr'><strong>Quis</strong></span> <span class='ocrx_word' id='word_1_107' title='bbox 316 3975 437 4080; x_wconf 88' lang='lat' dir='ltr'><strong>dulcis</strong></span> <span class='ocrx_word' id='word_1_108' title='bbox 454 4009 508 4080; x_wconf 75' lang='lat' dir='ltr'><strong>oti</strong></span> <span class='ocrx_word' id='word_1_109' title='bbox 524 4007 619 4081; x_wconf 88' lang='lat' dir='ltr'><strong>ruris</strong></span> <span class='ocrx_word' id='word_1_110' title='bbox 638 4018 677 4081; x_wconf 87' lang='lat' dir='ltr'><strong>et</strong></span> <span class='ocrx_word' id='word_1_111' title='bbox 694 4001 905 4083; x_wconf 73' lang='lat' dir='ltr'><strong>concordiae</strong></span> 
     </span>
     <span class='ocr_line' id='line_1_26' title="bbox 254 4153 738 4234; baseline 0 -5"><span class='ocrx_word' id='word_1_112' title='bbox 254 4153 350 4230; x_wconf 84' lang='lat' dir='ltr'><strong>Haec</strong></span> <span class='ocrx_word' id='word_1_113' title='bbox 368 4154 466 4230; x_wconf 89' lang='lat' dir='ltr'><strong>inter</strong></span> <span class='ocrx_word' id='word_1_114' title='bbox 483 4154 738 4234; x_wconf 79' lang='lat' dir='ltr'><strong>obliviscitur?</strong></span> 
     </span>
    </p>
   </div>
   <div class='ocr_carea' id='block_1_7' title="bbox 0 0 1328 4868">
    <p class='ocr_par' dir='ltr' id='par_1_18' title="bbox 0 0 1328 4868">
     <span class='ocr_line' id='line_1_27' title="bbox 0 0 1328 4868; baseline 0 2"><span class='ocrx_word' id='word_1_115' title='bbox 0 0 1328 4868; x_wconf 95' lang='lat' dir='ltr'><strong> </strong></span> 
     </span>
    </p>
   </div>
  </div>
 </body>
</html>
