2648 4868
120 454 204 535 226
428 473 561 533 seusu
589 473 848 531 unounusns.

122 661 262 740 AEstivi
277 659 421 761 fugiam
439 661 537 750 solis,
566 684 835 760 nemorosaque
852 682 1008 758 carpam
1026 622 1029 627 Ι
1055 676 1058 681 ·
1128 667 1171 734 46

123 811 288 910 Frigora,
316 809 407 885 dum
425 808 576 885 mollem
592 808 721 885 fundit
735 807 828 885 levis
845 807 950 882 unda
965 833 1162 883 susurrum

124 962 247 1062 Lapsa
263 985 330 1061 per
346 960 507 1060 irriguos
523 962 625 1036 vario
643 960 850 1036 sinuamine
867 983 1038 1058 campos.

178 1109 295 1187 Nunc
311 1108 457 1185 turritoe
474 1132 577 1184 arces
597 1108 785 1209 placeant,
810 1107 1043 1207 turbataque
1063 1105 1174 1206 plebis

116 1258 344 1349 Murmura3
371 1259 446 1357 qua
460 1255 622 1355 fulgens,
648 1281 814 1356 auroque
830 1255 990 1355 insignis
1008 1268 1052 1331 et
1069 1269 1173 1342 ostro,

128 1407 236 1483 Picta
251 1405 496 1505 triumphales
512 1405 632 1503 agitat
649 1406 723 1479 sub
736 1429 831 1504 pace
847 1404 1013 1479 choreas·
1132 1410 1177 1479 60

129 1556 418 1643 Turbaducum,
422 1546 656 1654 gemmisque
669 1554 812 1633 micant
823 1552 1065 1629 radiantibus
1075 1554 1174 1630 aule.

131 1699 208 1775 Hic
225 1722 374 1798 pompa,
386 1778 390 1787 ,
401 1697 464 1773 hic
481 1697 597 1797 lepidi
614 1699 720 1786 risus,
745 1711 785 1774 et
802 1696 920 1773 miliia
934 1698 1031 1775 vitae
1126 1752 1133 1763 ·

130 1847 299 1939 Gaudia;
326 1872 394 1948 per
411 1870 559 1925 somnes
569 1845 721 1946 juvenis
737 1846 808 1921 sibi
825 1844 951 1944 qualia
966 1858 1078 1923 vates
1109 1866 1112 1871 ·

130 2004 270 2104 mugit,
299 2016 342 2079 ut
359 2004 407 2079 ad
423 2003 538 2091 lenes,
566 2000 667 2076 unda
684 2001 919 2100 strepitante,
948 2022 1124 2075 susurros

131 2155 317 2230 Sternitur
334 2153 372 2226 in
391 2153 523 2251 ripam,
537 2150 721 2249 viridique
734 2150 923 2225 recumbit
931 2150 975 2225 in
992 2149 1121 2225 herbo,
1133 2155 1175 2220 55

182 2301 290 2389 Hoeo,
318 2301 456 2377 blando
473 2299 734 2398 Euphrosyne,
752 2309 924 2398 praestan
949 2298 1007 2375 sic
1024 2300 1106 2375 vita
1119 2318 1178 2398 per

280 2473 411 2539 annos,

136 2598 298 2675 AEterno
314 2624 385 2675 eeu
402 2624 503 2686 vere,
528 2599 635 2691 fluet,
653 2594 899 2698 jucundaque
914 2594 1059 2681 fallam-

136 2749 337 2847 Tempora,
362 2749 552 2848 perpetuis
569 2747 702 2827 furtim
716 2748 883 2844 labentia
896 2726 1011 2825 ludis,
