2648 4868
134 435 218 515 284
447 456 579 511 muse
607 455 867 511 aronensem

353 774 367 841 ζ
391 786 544 849 purusne
564 785 712 826 nuruum
735 785 793 829 sur
814 780 967 835 rrreoun

136 876 171 935 ll.
184 875 287 935 Smitlr.
1014 887 1044 929 n.
1057 887 1089 927 n.
1105 873 1182 935 1788,

568 966 773 1006 m
1129 962 1136 999 .·
1159 962 1162 975 ·

134 1121 275 1220 Aspice
293 1132 503 1195 marcentes
520 1146 629 1219 agros
647 1131 686 1195 et
703 1119 842 1221 pallida
858 1141 947 1192 rura

131 1268 368 1344 Versiculore
385 1271 505 1356 eumd,
522 1268 633 1344 variis
651 1268 717 1344 ubi
733 1266 931 1341 frondnus
947 1263 1101 1338 umbrae
1143 1350 1146 1357 ¹
1179 1262 1189 1277 ⁶

133 1415 331 1492 Infuscant
347 1441 511 1504 nemora,
539 1427 654 1516 atque
672 1416 835 1490 alienum
853 1413 991 1488 induta
1007 1411 1172 1489 colorem

135 1566 307 1664 Pingitur
325 1566 494 1641 occiduae
511 1564 622 1642 tellus
640 1565 854 1641 discrimine
872 1561 977 1637 silvae
988 1562 1003 1637 ·!

136 1719 225 1792 Huc
242 1716 357 1792 solam
372 1717 534 1790 invitant
544 1739 740 1790 nemorosa
753 1711 977 1812 crepuscula
988 1711 1184 1801 Musam‚5

134 1865 280 1967 Perque
295 1866 375 1940 vias
392 1863 480 1938 olim
497 1862 635 1939 virides
652 1862 804 1961 laetique
821 1862 970 1936 ruinam
1175 1834 1178 1839 ⁵

135 2012 248 2092 Veris
265 2027 305 2090 et
323 2026 533 2089 extremum
551 2012 779 2087 comitantur
796 2009 966 2085 Oreades
985 2036 1142 2086 annum.

137 2168 299 2253 Interea,
326 2167 484 2267 placidae
500 2167 685 2265 gremium
703 2163 846 2239 telluris
864 2163 1111 2255 obumbrans,

139 2316 237 2390 Pura
255 2315 360 2413 quies
376 2316 472 2390 ruris
489 2316 631 2414 gaudet
647 2328 844 2414 penetrare
861 2338 1046 2402 recessus,

136 2467 382 2563 Incertusque
399 2464 456 2538 sni
473 2464 602 2539 tremit
619 2464 718 2538 inter
734 2464 864 2538 nubila
881 2467 1014 2538 cursus
1140 2468 1185 2536 10

135 2614 296 2700 Ventus,
321 2625 361 2688 et
378 2613 467 2688 aerii
484 2614 626 2713 pendet
642 2613 735 2688 levis
753 2612 810 2688 ala
828 2615 998 2707 Favonl3

137 2762 397 2862 Rorantesque
412 2763 549 2838 bibunt
564 2762 713 2838 nebulae
729 2787 930 2862 rursusque
947 2760 1152 2838 remittunt

137 2907 292 2983 Mollius
309 2908 502 2984 ardentem
521 2910 641 3009 spatia
656 2911 755 2985 inter
771 2910 898 2985 lucida
914 2910 1117 2986 Phoebum.

137 3056 250 3130 Nunc
268 3055 351 3142 tibi,
374 3081 486 3155 quem
505 3056 650 3144 Natura
667 3059 793 3148 trahit,
813 3084 1002 3160 quemque
1020 3060 1173 3163 auspice

283 3202 397 3279 Musa

135 3353 244 3428 Mitis
259 3355 309 3429 ad
324 3356 492 3455 integros
510 3357 619 3432 duxit
637 3357 827 3456 Sapientia
843 3356 979 3447 fontes,
1138 3368 1200 3434 15--

137 3502 188 3578 Et
203 3528 328 3579 rerum
346 3505 513 3581 occultas
531 3506 662 3580 docuit
679 3506 873 3582 recludere
890 3531 1035 3597 causas,
1142 3491 1148 3527 ⁸

136 3621 251 3730 Nunc
267 3652 337 3728 tibi
355 3653 560 3753 degeneres
576 3655 720 3729 animos
738 3666 777 3730 et
792 3656 920 3730 inania
935 3668 1090 3757 tempus

139 3801 283 3878 Fallere
298 3801 467 3895 consilia,
493 3814 533 3877 et
547 3827 704 3880 vacuam
721 3815 964 3881 contemnere
979 3807 1146 3894 turbam,

141 3949 270 4050 Atque
287 3950 385 4025 inter
402 3951 554 4025 miseras
570 3950 753 4026 luctantia
768 3964 922 4051 pectora
940 3979 1062 4031 curas.

37 4146 41 4151 -
137 4098 201 4223 Tu
218 4097 349 4196 major,
364 4098 543 4200 parvique
561 4125 672 4200 super
688 4104 884 4201 proscenia
899 4103 981 4179 ludi
1139 4110 1185 4178 20
