2648 4868
383 421 514 477 MUSAE
543 419 798 476 aroususus.
1058 396 1110 474 31

242 723 269 762 s1
292 722 429 765 curaris
453 722 585 763 sisausa
607 723 694 764 auor)
716 723 798 763 saue
820 721 958 771 recatus.
988 784 992 790 ι

74 832 177 889 smttt.
941 847 970 888 r.
984 848 1014 888 n.
1030 832 1116 895 1789.

69 1188 156 1278 Qui
173 1188 259 1263 vivo
277 1187 432 1263 excudit
449 1186 627 1286 spirantia
643 1212 827 1263 marmora
843 1186 962 1273 vultu,

127 1335 210 1412 Aut
226 1334 326 1412 facili
344 1348 454 1411 torno
471 1336 578 1410 rasile
595 1335 704 1433 fingit
721 1337 831 1431 ebur;
927 1356 932 1366 '

78 1487 155 1574 Qui
171 1486 279 1585 ponit
295 1485 445 1586 liquidis
462 1487 624 1562 animata
638 1446 826 1562 'coloribus
844 1513 920 1574 ora,

40 1632 45 1648 '
127 1633 209 1709 Aut
223 1633 331 1707 molli
342 1635 506 1709 tumidos
517 1636 694 1734 exprimit
712 1661 783 1710 aere
802 1647 919 1710 toros:
1040 1601 1041 1604 l

77 1780 208 1879 Vivat·
232 1793 271 1858 et
288 1783 442 1881 insignis
459 1783 624 1881 perituri
640 1785 750 1861 laude
765 1784 923 1874 fruatur,
1095 1793 1119 1858 5

17 2024 18 2029 Ἰ
127 1928 288 2028 Ingenio
305 1930 456 2005 artificis
474 1932 564 2006 dum
581 1933 694 2006 breve
711 1932 857 2029 plaudit
875 1892 980 2031 opus.

81 2077 233 2152 Scilicet
249 2101 377 2151 exesas
394 2076 596 2170 abolebunt
612 2089 781 2178 tempora
796 2079 952 2173 formas3

130 2223 280 2298 Marcet
298 2192 455 2323 Apellei
471 2226 573 2323 picta
589 2227 727 2308 tabella
743 2252 874 2303 manu:

84 2373 229 2448 Cuncta
245 2373 321 2449 ruit
338 2385 509 2473 tempus*
526 2399 701 2475 caecoque
718 2378 908 2480 potentius
925 2378 1004 2455 ictu
1028 2365 1031 2369 ¹
1106 2361 1111 2367 ’

131 2521 259 2596 Putria
276 2521 456 2597 Phidiaco
474 2523 619 2599 decutit
635 2530 738 2636 arma
754 2526 858 2601 Deo:
1061 2532 1124 2610 710

86 2671 274 2747 Ambrosii
292 2673 424 2761 crines
452 2685 491 2748 et
508 2673 626 2771 nigra
642 2673 760 2771 gloria
776 2656 911 2749 frenas·

133 2805 294 2896 Solvitur
311 2821 457 2895 assidua
473 2820 651 2918 languida
663 2819 763 2896 facta
780 2819 853 2896 die'.
879 2876 882 2879 -
1021 2888 1022 2895 ,

87 2971 171 3047 Non
190 2973 253 3058 ita,
282 2971 383 3070 quod
402 2983 505 3046 vates
526 2996 619 3070 opus
641 2970 771 3068 exigit,
799 2971 949 3070 auspice
968 2970 1126 3062 Phoebo,

134 3118 307 3194 Castaliae
323 3118 452 3193 latices
470 3118 534 3217 qui
552 3116 666 3191 semel
683 3117 941 3216 hausitaquae.

88 3268 155 3342 Ille
173 3266 297 3366 (velut
314 3266 453 3340 Diudm
471 3266 666 3363 interpres,
692 3264 787 3362 Jove
805 3265 936 3341 missus
953 3266 999 3341 ab
1017 3263 1105 3354 alto,

135 3416 231 3490 cum
248 3413 431 3512 liquidum
449 3413 580 3512 rapido
596 3410 869 3494 fulmineradit
886 3411 976 3506 iter)
1081 3420 1128 3487 16

87 3559 279 3639 Lustrabit
295 3575 407 3638 notus
427 3587 605 3661 magnum
624 3585 858 3661 quaecunque
874 3587 941 3662 per
958 3563 1087 3643 orbem

134 3710 264 3786 Litora
279 3710 474 3810 purpureis
493 3710 547 3784 sol
564 3709 744 3809 tepefecit
760 3709 882 3809 equis;

91 3857 157 3934 Ille
176 3859 281 3960 dabit
296 3857 374 3934 fato
391 3858 507 3957 leges,
534 3870 572 3933 et
590 3869 710 3933 morte
727 3857 880 3934 subacti

136 4005 256 4081 Vivus
274 4007 319 4080 ab
337 4005 504 4106 exequiis
521 4006 590 4080 ibit
609 4007 647 4080 in
664 3978 762 4082 astra
780 4006 866 4081 suis.
954 3995 957 4001 ’
1083 4012 1131 4078 20
