2648 4868
383 458 513 517 rrusrs
529 419 804 518 'urounus‘nss
971 435 976 442 ¹
1053 420 1108 538 73

74 640 228 719 Scilicet
245 652 386 715 amotos
403 641 510 740 luges
528 649 760 740 nova'nupta
776 648 971 740 parentes?
1005 647 1010 655 '
1032 624 1034 630 '

126 786 196 862 Ille
214 786 282 860 tibi
300 788 439 886 conjux
455 789 580 862 omnia
596 787 696 862 solus
710 789 791 863 erit.

75 933 173 1008 Haec
190 944 254 1007 tua
271 932 319 1007 sit
335 935 465 1032 patria,
482 934 669 1032 indigenae
685 944 797 1031 'quam
813 934 970 1033 prodiga
982 934 1113 1012 formae

87 1129 89 1135 -
125 1064 295 1153 Libertas
312 1081 497 1178 propriam
518 1080 682 1156 vindicat
699 1083 778 1181 ipsa
795 1082 968 1175 domum;
1059 1092 1111 1158 46

75 1225 159 1300 Nec
176 1224 327 1325 fugiunt
345 1229 489 1302 melicae
506 1228 643 1302 natalia
659 1242 766 1327 prata
783 1231 971 1318 Camenae,

126 1371 177 1445 Ni
193 1371 377 1471 placidam
395 1374 544 1448 evincat
559 1374 720 1449 buccina
737 1375 831 1450 dura
847 1376 994 1476 chelyn.

74 1515 178 1616 Ergo
194 1519 353 1594 maritali
369 1518 539 1618 injiciens
557 1532 622 1594 tua
637 1519 789 1594 brachia
806 1520 915 1610 collo,
1033 1585 1037 1592 .

27 1721 30 1728 -
125 1665 274 1765 Subjice
291 1666 519 1754 flexanimas,
537 1665 678 1765 inclyta
694 1644 882 1769 Nympha,
897 1694 1045 1770 preces3
1063 1678 1115 1746 50

73 1811 200 1913 (Soepl
217 1824 256 1888 et
273 1813 421 1888 deserto
438 1812 620 1890 armiferis
638 1839 723 1891 cunr
742 1814 910 1891 curribus
930 1815 1066 1892 Haemo

124 1958 303 2036 Detinuit
319 1957 467 2034 facilem
487 1959 625 2057 Cypria
642 1959 742 2033 Diva
757 1923 946 2057 procum.)

73 2102 255 2206 Dumque
270 2106 368 2205 petis
384 2130 527 2204 pacem,
554 2103 698 2181 alterno
716 2085 832 2180 misce
848 2105 975 2180 oscula
988 2119 1087 2195 voto,
1158 2118 1162 2129 '

97 2294 102 2300 -
123 2250 281 2330 Deliciis
297 2250 419 2350 frangi
435 2252 572 2351 gestiet
589 2250 651 2326 ille
667 2252 753 2325 tuis.
815 2342 816 2347 Ἰ

72 2400 137 2476 Sic
153 2398 223 2474 tibi
240 2397 423 2476 Castalius
441 2423 507 2473 sua
524 2398 589 2473 det
605 2396 827 2474 munuscula
842 2409 975 2488 coetus,
1061 2407 1113 2474 55

125 2544 176 2623 Et
195 2543 344 2643 Paphiae
361 2556 514 2644 tepeant
530 2545 569 2621 in
586 2556 652 2619 tua
667 2551 767 2621 'serta
784 2568 896 2638 rosae3

74 2691 137 2768 sic
153 2690 267 2791 longo
284 2692 439 2792 aspicias
455 2692 629 2768 florentes
647 2691 777 2767 ordine
794 2702 912 2780 natos,
1023 2727 1032 2741 ·

90 2916 95 2924 ,
126 2836 282 2915 Tradita
299 2844 402 2939 queis
419 2838 546 2938 magni
562 2837 681 2936 gloria
698 2839 809 2917 cedat
825 2838 895 2950 avi.
