2648 4868
127 447 211 526 246
436 472 567 533 uusu
597 472 853 529 aronensns.

131 656 235 743 Quid
252 657 352 755 qubd
370 656 493 730 adhuc
509 657 619 730 viridi
635 657 773 733 lasciva
790 659 829 731 in
847 657 938 732 llore
949 659 1140 757 juventae,

180 802 230 876 Et
247 802 348 891 ludo,
378 815 416 878 et
433 804 566 903 lepidis
583 806 764 880 intererat
782 807 950 883 choreis?

131 952 228 1039 Qu'ae
245 951 414 1026 demessa
430 952 587 1052 puellari
605 979 687 1029 rosa
704 953 840 1055 pollice
858 969 1004 1030 marcet

179 1098 327 1172 Invidia
342 1100 487 1197 gremii,
517 1101 691 1200 Cynthia,
718 1078 805 1177 rasa
822 1103 893 1189 tui,

131 1252 210 1326 Ah!
238 1252 368 1350 qualia,
396 1256 652 1355 quantbmque
668 1257 766 1354 perit
782 1255 929 1331 felicior
946 1255 1025 1345 illa,
1137 1265 1180 1332 25

178 1401 354 1476 Decidua
370 1403 408 1476 in
426 1403 551 1500 gelida
569 1405 630 1477 cui
649 1429 755 1479 coma
773 1416 915 1491 marcet
931 1404 1065 1480 humo.

128 1549 218 1625 Non
237 1577 344 1626 secus
361 1550 559 1626 informem
578 1553 672 1627 vitat
688 1552 854 1650 peritura
871 1566 1080 1643 senectam,
1175 1542 1179 1551 ยน

181 1700 231 1774 Et
249 1701 374 1775 tristes
392 1699 561 1774 Damalis
580 1713 698 1775 morte
716 1702 827 1774 beata
843 1701 957 1777 vices,

133 1848 286 1923 Scilicet
303 1859 341 1923 et
359 1848 559 1948 perhibent
577 1847 778 1924 defunctos
795 1874 951 1948 corpore
972 1850 1113 1928 Manes

181 2002 353 2077 Dilectos
370 2004 505 2078 iterum
524 2000 747 2100 pervolitare
764 2000 885 2093 locos3
1137 2011 1183 2080 80

133 2154 361 2252 Spectraque
380 2148 545 2224 mortalis
563 2149 682 2223 aciem
699 2146 884 2247 fugientia
901 2151 1006 2225 visus

183 2301 360 2374 Lustrare
379 2298 486 2374 aeriis
503 2321 589 2370 rura
606 2310 762 2395 paterna
779 2300 919 2373 choris:

134 2449 200 2524 Ad
217 2448 369 2523 tacitam
388 2458 491 2521 vates
510 2445 690 2520 citharam
707 2458 793 2544 post
809 2446 1081 2541 fatarecurrit,

184 2598 328 2673 Insidet
345 2608 384 2671 et
402 2594 550 2671 chordis
568 2594 848 2694 illacrymatque
866 2597 960 2689 suis3
1139 2608 1185 2674 34

137 2750 302 2847 Corpore
319 2746 413 2819 liber
430 2768 558 2818 amans
574 2742 670 2842 petit
692 2741 819 2817 oscula
835 2754 936 2832 nota,
957 2743 1173 2847 Chloesque
1197 2719 1200 2723 ยน

186 2897 345 2992 Impune
363 2891 555 2966 ambrosiis
572 2892 736 2965 excubat
751 2890 791 2963 in
807 2891 928 2966 labiis.

142 3045 241 3141 Ergo
247 3039 593 3140 age,ponemodum
599 3038 789 3139 lacrymis:
802 3040 1189 3146 haecdeindequerela

188 3192 263 3264 Fac
282 3213 423 3263 memor
439 3185 625 3285 inscupta
642 3198 716 3261 stet
733 3213 844 3288 super
860 3202 942 3265 ossa
959 3198 1064 3268 nota.

143 3341 220 3415 ch
236 3337 336 3415 obitu
341 3336 450 3437 jacet
466 3345 593 3433 optato
605 3346 811 3434 praerepta,
837 3350 1027 3436 superstes

193 3464 297 3562 Dum
299 3482 444 3586 sormoe
461 3483 633 3559 Dunmlis
649 3484 767 3559 noluit
783 3513 859 3561 erse
874 3514 963 3564 suae.
1144 3506 1192 3572 40
