2648 4868
122 453 213 531 ‘254
300 516 309 545 ,.
440 469 584 524 :nrusra
614 463 872 522 urounnsas.

265 798 389 838 cuorus
412 799 452 837 rx
476 797 622 837 AEscuurr
647 797 728 837 sarr.
749 793 789 833 An
811 790 905 833 rnna.
927 788 958 829 v.
978 773 1054 830 289.

133 902 229 960 Keate.
1004 907 1039 950 a.
1054 906 1089 946 n.
1103 890 1179 952 1792.

552 1026 756 1063 εει-,ιε

130 1238 263 1313 Eunu!
292 1236 382 1335 quid
400 1237 477 1310 acri
494 1261 600 1309 mens
616 1235 781 1335 trepidat
798 1240 926 1307 metu?

136 1384 239 1474 Quid
256 1383 434 1482 inquietae
451 1382 707 1459 solicitudines

236 1531 306 1605 Per
324 1530 437 1606 corda
453 1541 668 1628 grassantur
685 1529 852 1605 tumultu

285 1677 455 1766 Letifico,
481 1678 756 1777 prohibentque
774 1684 953 1754 somnos?

136 1827 191 1902 Ut
206 1826 375 1902 delicatis
393 1824 554 1899 molliter
571 1826 752 1900 incubans

137 1976 321 2054 Columba
337 1976 459 2076 pullis,
488 1976 717 2077 exitiabilem

101 2154 104 2161 ·
237 2128 328 2202 Nidi
346 2127 443 2201 inter
460 2125 630 2224 illapsum
648 2125 808 2199 latebras

290 2276 448 2349 Horruit
466 2275 648 2374 aspiciens
666 2275 884 2358 draconem:

140 2426 200 2502 Sic
217 2450 330 2512 arma,
359 2426 412 2498 sic
430 2425 579 2498 turbata
595 2425 796 2524 perhorreo

140 2582 272 2658 Letale
289 2581 376 2658 belli
393 2581 547 2670 flumen,
573 2593 618 2655 ut
633 2580 777 2689 ingruit

239 2729 431 2816 Immanis,
458 2730 700 2828 effractasque
717 2741 840 2803 tentat

290 2878 404 2951 Unda
419 2877 548 2952 furens
565 2882 761 2978 penetrare
777 2889 915 2978 portas.

143 3026 180 3101 Ο
197 3026 279 3125 quis
298 3027 464 3124 sagittam,
490 3029 571 3125 quis
589 3025 756 3127 lapidum
773 3051 906 3125 graves

145 3175 303 3251 Arcebit
319 3176 479 3249 imbres?
503 3177 671 3274 pergite,-
688 3176 799 3273 patrii

242 3322 380 3398 Tutela
395 3323 612 3398 Thebarum
629 3324 769 3425 geratis

293 3464 413 3539 Arma
430 3466 520 3541 Dei!
545 3466 637 3564 quid
652 3465 894 3564 inhospitales

147 3614 333 3704 Quaeretis
351 3623 455 3688 oras?
481 3616 571 3688 dum
590 3616 666 3688 ruit
683 3615 808 3688 arduis

145 3763 244 3838 Urbs
262 3763 363 3837 vieta
381 3762 514 3835 Cadmi
532 3764 754 3855 verticibus3
783 3762 886 3837 dolet

245 3913 349 3986 Dum
366 3910 494 3984 laurea
511 3912 698 4010 sacrisque
716 3913 857 3987 circbm

157 4096 160 4103 ¹
295 4059 505 4137 Arboribus
522 4061 677 4137 viduata
695 4063 824 4137 Dirce.
