2648 4868
375 465 504 519 MUSAE
535 461 788 516 ETONENSES.
956 462 959 466 '

372 715 409 780 v*
431 729 496 767 non
517 727 615 766 onurs
638 728 769 767 nontin.

61 806 191 881 surgent.

59 1052 267 1127 Serninus
284 1055 372 1128 vitae
390 1054 535 1127 coelitus
554 1055 676 1142 editae,

59 1197 231 1273 Mortalis
248 1199 381 1298 hospes
399 1203 575 1298 corporis,
601 1227 624 1274 0
641 1213 749 1275 tuum

109 1344 145 1420 O
161 1371 291 1445 rumpe
310 1348 484 1435 vinclum,
513 1364 773 1446 carcerernque

157 1491 303 1590 Linque
320 1517 433 1568 novas
451 1496 596 1569 aditura
613 1496 731 1582 sedes,

57 1637 214 1727 Pallens,
241 1640 476 1716 tremiscens!
529 1641 566 1716 Ο
583 1641 702 1728 dolor,
729 1654 767 1717 et
785 1642 893 1716 simul
1066 1649 1089 1713 3

57 1785 193 1861 Mortis
209 1785 393 1884 voluptas!
449 1789 525 1863 Ah!
552 1812 703 1886 precor,¹
722 1791 866 1864 irritum

104 1936 264 2034 Depone
283 1949 472 2010 certamen
488 1960 688 2033 parumper
785 1996 787 2000 .

152 2082 450 2157 BlandaParens
467 2083 679 2180 trepidum·
696 2107 876 2180 novaeque
905 2128 908 2132 -

58 2227 221 2303 Immitte
240 2228 337 2303 vitae.
390 2228 495 2316 Quid
510 2229 600 2303 mihi
619 2230 770 2327 surripit

58 2375 143 2451 Me?
168 2399 267 2449 mors
281 2399 331 2450 an
348 2375 429 2450 haec
446 2376 517 2449 sit?
543 2374 694 2449 sidereis
712 2389 844 2450 sonant
1045 2385 1091 2448 10

104 2523 226 2596 Aures
244 2521 411 2607 susurris,
440 2531 478 2594 et
495 2520 673 2594 recedens

151 2677 210 2750 Ex
228 2675 344 2750 oculis
361 2684 537 2749 tenuatur
554 2673 664 2746 orbis·
860 2688 869 2713 ³
910 2649 926 2722 i
997 2701 998 2705 ¹

56 2823 219 2898 Praebete
237 2847 394 2922 pennas;
422 2818 582 2905 auferor,
609 2816 767 2904 auferor,

54 2973 222 3072 Coelique
239 2995 415 3069 magnum
433 2969 608 3067 panditur
625 2969 775 3043 atrium!

99 3120 320 3218 Videsne†,
345 3131 388 3191 ut
405 3117 594 3190 obluctata
610 3115 723 3213 longo

150 3266 289 3342 Nubila
302 3264 493 3339 dissiluere
511 3261 637 3335 sulco?

54 3415 155 3490 Dum
173 3412 273 3488 mille
289 3411 383 3485 laetis
401 3409 554 3483 vocibus
574 3404 712 3502 Angeli

52 3559 258 3660 Fratrem†
282 3559 455 3643 salutant,
483 3579 558 3628 non
576 3555 655 3626 sine
673 3554 835 3627 siderum

19 3786 24 3799 ,
99 3710 236 3784 Plausu
252 3706 529 3801 renidentisque
547 3701 643 3776 coeli.

149 3858 186 3934 Ο
204 3857 332 3932 nitidae
349 3878 466 3929 novus
483 3853 616 3950 hospes
634 3849 740 3938 aulae,

337 4064 389 4132 ††
411 4056 483 4115 Vide
496 4055 685 4123 Sarbieviurn,
707 4061 735 4112 2.
754 4060 797 4112 ll.

101 4206 188 4258 VOL·
206 4208 247 4258 11.
287 4200 292 4211 '
545 4205 571 4253 D
