2648 4868
399 479 534 539 MUSAE
548 483 822 553 >aroannam

84 668 146 745 Sic
164 679 205 743 et
221 664 383 767 inuentus¹
398 665 549 768 fugiens
566 691 711 760 amorea
772 754 775 758 A
853 758 856 763 1

84 817 283 917 Virginem
300 783 428 893 laurus
446 817 577 915 (moda
593 815 779 917 nympha)
795 811 934 891 famam

84 965 229 1053 Servat,
254 989 496 1064 aevorumque
514 989 632 1066 capax
650 963 807 1063 perenni
824 963 864 1038 in

482 1114 657 1190 Carmine
674 1113 838 1190 frondet.

85 1263 146 1340 sie
164 1274 203 1338 et
221 1260 325 1337 Idaeo
341 1287 426 1337 rosa
441 1273 571 1338 monte
587 1262 731 1362 pallens

85 1409 229 1486 Sauciae
247 1411 362 1486 sensit
379 1409 538 1486 Veneris
555 1434 741 1498 cruorem,

84 1560 217 1649 Sensit,
245 1573 285 1637 et
300 1559 409 1640 vultu
425 1562 577 1636 erubuit
593 1572 732 1635 novato

479 1708 645 1784 Conscia
661 1706 798 1782 luctus.

86 1855 189 1947 Quin
207 1870 247 1934 et
263 1869 416 1958 argutos
434 1857 499 1930 ubi
515 1854 654 1930 blanda
671 1853 860 1952 quondam

85 2005 199 2080 Musa
215 2004 369 2080 Vallem
377 2003 576 2102 increpuit
591 2026 760 2088 canores,

85 2153 277 2254 Myrteam
294 2151 397 2227 dulci
411 2151 578 2251 lacryma
597 2150 747 2249 Cupido
779 2202 782 2204 -

335 2382 341 2391 ,
453 2300 689 2376 ·Consecrat
705 2298 888 2374 umbram.

85 2450 227 2549 Saepius
244 2450 375 2548 primae
393 2450 462 2524 sub
479 2449 600 2525 amica
617 2451 740 2527 noctis
790 2498 794 2504 ·

84 2599 293 2674 Immorans
310 2598 401 2686 illic,
429 2599 591 2672 dominae
607 2597 766 2671 fluentes

85 2747 290 2824 Laudaret
309 2749 444 2836 crinea,
470 2745 719 2845 humerosque
737 2755 863 2843 pastor

482 2895 632 2972 Laudet
648 2897 822 2971 eburnos.

84 3045 263 3145 Dumque
282 3043 461 3118 reclinem
478 3043 577 3140 tegit
593 3042 657 3117 illa
673 3053 798 3118 vatem

86 3191 229 3268 Umbra
247 3190 402 3267 Miltoni
420 3190 607 3269 celebrata
621 3188 778 3289 plectro,

87 3340 242 3418 Assidet
258 3353 365 3440 rapto
384 3339 545 3426 Genius,
569 3362 746 3438 soporum

483 3485 618 3562 Mente
635 3498 831 3561 veternum

86 3634 258 3711 Exuens:
285 3633 339 3707 illi
357 3645 519 3712 reserata
536 3633 674 3709 coelum
728 3681 729 3684 =
769 3696 773 3702 .
892 3648 895 3653 ·
966 3647 968 3652 ·

88 3782 210 3872 Atria,
238 3809 281 3861 ac
298 3783 425 3861 mistas
442 3784 523 3858 acie
540 3782 756 3883 phalangas,

89 3929 138 4005 Et
155 3929 230 4006 levi
247 3929 429 4030 sphaeram
448 3932 640 4006 harmonia
656 3931 839 4005 vibratam

487 4077 622 4155 Pandit
640 4078 777 4154 ovanti.

1008 461 1134 581 'aaa
1217 515 1220 523 f
