2648 4868
133 432 216 513 200
441 461 573 519 rrusra
604 463 861 520 arouausra.

383 716 396 728 .
416 717 429 729 .
450 716 463 727 .
483 716 497 729 .
516 717 530 730 .
545 682 593 749 ὀς
605 685 714 751 &vastior
726 682 810 758 ἄλγεα
820 685 925 760 πάσχι)

384 805 458 879 Maii
468 807 526 867 'fura’
533 811 666 888 ἀλλοτςίω
677 809 888 884 &xiva-‘'¹’‘

135 917 283 987 Dalkeith‘
585 964 588 973 ,
1007 938 1037 979 Δ.
1052 939 1086 991 p.
1102 926 1184 988 1789.

561 1021 765 1061 =·-·-—··-...

135 1173 220 1248 Cura
237 1175 290 1250 sic
308 1175 476 1252 dehiscat
493 1179 655 1258 motibus
674 1181 814 1254 intimis

135 1324 319 1412 Quassata
334 1325 469 1418 tellus?
495 1329 573 1403 Cur
590 1330 709 1427 rapidi
727 1331 867 1419 micant

234 1473 348 1579 Ignes
365 1500 432 1588 per
449 1477 576 1565 auras?
603 1477 681 1551 Cur
700 1477 819 1553 Sionis
877 1457 880 1462 ⁵

183 1628 189 1643 '
284 1624 420 1700 Sancta
437 1625 559 1721 adytis
576 1637 761 1717 tremuere
779 1623 939 1725 templa?

135 1770 229 1859 Quis
237 1746 319 1878 jam⁴
334 1772 498 1847 tenebris
516 1773 653 1873 eripuit
671 1773 771 1862 diem

132 1921 326 1999 Obscurus
344 1925 497 1999 horror?
522 1921 741 2021 Sanguineis
758 1922 869 2009 rubet

232 2074 294 2162 Sol
311 2076 390 2173 ipse
407 2075 539 2172 guttis,
558 2083 794 2170 occupatque

281 2223 369 2296 Nox
386 2223 512 2321 piceos
530 2221 726 2296 tenebrosa
743 2218 869 2295 coelos.

134 2369 271 2468 Ruptis
290 2369 450 2474 sepulcri
468 2381 615 2468 spectra
632 2366 817 2470 repagulis

133 2516 342 2607 Summittit
359 2516 481 2610 Orcus
499 2516 648 2601 sedibus
666 2491 806 2598 intimis

234 2667 380 2759 Excita
408 2680 695 2768 sanctorumque
712 2691 840 2742 manes

285 2815 499 2892 Attonitum
516 2817 674 2892 volitant
691 2841 757 2916 per
774 2815 916 2891 urbem.

128 2957 203 3052 At,
233 2975 283 3050 at,
311 2962 515 3037 nefandum
534 2964 624 3064 quid
641 2964 766 3062 potuit
782 2961 909 3037 nefas?

136 3114 259 3190 Eheu!
287 3115 441 3191 Jehovae
458 3115 573 3201 Filius
591 3118 743 3205 occidit,

234 3263 485 3364 Nostramque
502 3280 728 3372 peccantum
747 3266 903 3345 salutem

288 3415 457 3513 innocuo
475 3416 624 3506 redimit
641 3417 775 3520 piaclo.

138 3564 254 3638 Hunc
272 3588 368 3638 saeva
386 3588 461 3636 non
480 3566 659 3654 convicia,
687 3592 758 3643 nec
772 3530 901 3671 ¹minae',

135 3712 222 3790 Non
240 3711 431 3787 insolentis
449 3712 575 3787 militis
592 3713 767 3813 impetus¹

233 3862 316 3938 Nec
334 3861 463 3943 mortis
480 3861 652 3935 instantis
670 3862 815 3940 dolores

334 4010 458 4085 Corda
476 4009 559 4084 Deo
577 4011 741 4085 stabilita
757 4023 910 4087 terrent.
